1776 2893
789 144 1075 184 —100-

282 244 371 284 fam.
400 246 472 292 ΙΙΙ,
500 247 536 294 8,
565 247 588 284 8
617 247 834 287 liberalitas
853 251 924 287 tna
942 252 988 288 nt
1004 248 1172 288 hominis
1190 249 1418 288 nobilissimi
1445 249 1567 289 htius

285 309 329 346 in
350 309 562 357 provincia
583 310 739 358 patuit,
780 314 917 350 nostra
953 312 989 350 si
1024 310 1229 361 anqustior
1268 312 1341 363 [est
1363 311 1468 360 add]
1496 324 1577 351 non

291 370 430 409 debent
453 372 595 410 mirari
622 371 794 411 homines
813 376 858 422 ¹),

391 433 520 481 Atque
570 434 687 473 etiam
742 434 932 474 Horatius
979 435 1140 485 praebet
1191 434 1307 474 huius
1350 435 1571 475 omissionis

285 495 479 546 exempla:
530 496 611 536 Sat.
650 497 680 545 Ι,
719 497 757 545 6,
796 497 847 537 83
885 498 1084 539 Pudicam
1128 498 1197 548 qni
1224 498 1382 548 primus
1419 498 1577 538 virtutis

285 558 418 605 honor,
445 561 637 607 servavit;
674 561 703 607 Ι,
731 561 768 606 4,
795 559 858 598 45.
914 561 967 599 Et
1006 561 1039 600 si
1076 561 1180 610 apud
1216 561 1381 600 eundem
1409 560 1575 609 legimus

286 621 366 660 Sat.
397 621 446 669 ΙΙ,
486 622 521 671 7,
553 623 600 661 19
640 626 787 673 quanto
826 625 1068 664 constantim
1106 624 1207 664 idem
1243 624 1287 663 in
1322 624 1429 663 vitiis
1465 625 1575 663 tanto

287 684 411 723 levius
438 685 555 724 miser
582 698 629 724 ac
652 686 768 735 prior
795 686 862 725 illo
889 687 958 735 qui
985 690 1091 726 certo
1111 691 1215 725 recte
1242 685 1352 725 nobis
1381 686 1574 725 traditur:

288 746 337 784 ad
366 746 456 785 fam.
479 747 567 796 XII,
594 749 657 795 23,
688 749 704 786 1
737 748 807 787 secl
833 761 909 799 qno
937 752 1008 788 tna
1036 750 1163 789 maior
1192 749 1375 801 diqnita&
1404 761 1447 788 eo
1474 761 1575 798 quae

287 810 355 848 tibi
382 811 616 850 acciderunt
640 812 771 850 minus
796 812 975 861 ferenda,
1003 812 1069 851 ubi
1089 811 1188 852 falso
1216 812 1376 851 additur
1403 814 1461 851 est
1486 814 1574 860 post

286 873 460 922 diynitas
496 874 729 922 praesertim
773 884 859 912 cum
888 873 1138 913 inveniantur
1165 875 1218 914 ad
1246 874 1327 914 Att.
1355 874 1457 923 XVI,
1486 875 1521 920 7,
1549 874 1574 914 5

287 948 429 974 causas
456 936 572 976 habes
598 938 724 976 iustas
749 937 842 976 illas
862 937 1017 986 quidem
1041 937 1111 975 sed
1136 937 1252 977 nulla
1276 938 1428 984 iustior,
1458 950 1577 987 quam

286 998 412 1047 quod;
440 998 527 1047 XII,
555 1000 592 1046 4,
621 1000 644 1038 6
672 1012 797 1049 neque
824 999 927 1037 enim
952 999 1032 1037 ista
1057 1000 1185 1038 maior
1205 1000 1430 1047 admonitio,
1459 1012 1577 1050 qnam

286 1060 425 1110 quibus
453 1062 647 1110 conficior.
701 1061 753 1100 Et
790 1061 867 1100 iam
897 1060 1125 1100 habuimus:
1167 1064 1232 1116 tnt
1267 1062 1336 1101 tibi
1372 1062 1575 1101 ambulan-

285 1124 389 1170 dum,
418 1124 475 1163 sic
502 1124 597 1163 mihi
623 1118 943 1174 desperandmn',
971 1127 1012 1162 et
1030 1124 1136 1172 apud
1158 1124 1381 1163 Petronium
1410 1124 1574 1174 legimus

285 1199 321 1235 p.
351 1187 414 1235 35,
443 1187 493 1226 36
522 1187 653 1236 qualis
680 1187 861 1226 dominus
890 1187 981 1225 talis
1008 1189 1046 1226 et
1070 1199 1205 1226 servus

394 1250 523 1299 Atque
550 1249 732 1298 quoniam
761 1249 813 1288 ad
840 1249 923 1288 Att.
952 1249 1002 1296 11,
1030 1249 1066 1297 5,
1095 1249 1120 1288 3
1148 1249 1330 1298 legimus:
1359 1252 1503 1296 utrum,
1531 1252 1576 1288 ut

280 1312 424 1362 populi
449 1325 583 1359 sermo,
611 1312 823 1361 Pompeius
851 1315 887 1351 et
911 1310 1090 1359 Crassus,
1118 1325 1173 1351 an
1200 1315 1246 1351 ut
1269 1312 1364 1351 mihi
1382 1312 1576 1359 scribitur,

286 1387 373 1413 cnm
404 1374 576 1414 Gabinio
604 1374 765 1414 Servius
792 1373 1026 1424 Sulpicius?
1060 1396 1103 1400 —
1139 1374 1237 1414 satis
1264 1373 1421 1413 defendi
1458 1379 1573 1424 puta-

286 1449 389 1476 mus:
419 1438 504 1477 Ter.
533 1437 653 1477 Haut.
682 1438 759 1477 219
787 1437 881 1476 Non
907 1440 953 1477 nt
977 1450 1102 1485 mens,
1140 1438 1209 1487 qni
1235 1437 1331 1477 mihi
1350 1451 1427 1488 per
1453 1438 1577 1477 aliam

289 1501 483 1540 ostendit:
510 1501 564 1541 sic
593 1501 628 1540 A
656 1512 743 1541 cum
771 1500 863 1549 rell;
892 1500 950 1540 Fl.
979 1500 1126 1540 frustra
1155 1495 1326 1555 (menst’.

395 1564 581 1603 Plautina
600 1563 790 1613 exempla,
819 1575 919 1613 quae
940 1564 1014 1602 huc
1043 1564 1241 1613 pertinent
1261 1564 1338 1603 iam
1367 1563 1573 1604 maximam

287 1631 441 1675 partem
469 1626 557 1665 aliis
586 1626 680 1666 locis
710 1626 965 1665 tractavimus
994 1626 1102 1665 velut
1128 1627 1184 1676 (p.
1212 1625 1304 1676 47):
1345 1626 1444 1664 Rud.
1476 1626 1576 1666 1075

285 1689 321 1727 si
355 1689 422 1728 ille
458 1692 493 1728 te
531 1690 772 1739 conprimere
799 1689 957 1736 solitus,
1000 1688 1062 1728 hic
1101 1700 1172 1727 nos
1211 1691 1341 1727 noster
1375 1701 1457 1727 non
1483 1689 1580 1728 solet

286 1750 429 1790 collato
458 1751 552 1791 Hor.
581 1752 662 1791 Sat.
691 1752 742 1798 ΙΙ,
771 1753 808 1798 3,
840 1751 915 1789 144
943 1750 988 1790 cf.
1018 1763 1054 1800 p.
1087 1752 1135 1790 15
1162 1751 1211 1789 de
1253 1745 1458 1806 ‘elocutus'
1488 1762 1575 1800 per-

285 1812 407 1859 fecto;
439 1814 488 1852 de
517 1814 655 1863 Amph.
686 1825 721 1851 V.
749 1813 823 1852 481
855 1813 945 1852 vide
970 1824 1006 1861 p.
1034 1813 1096 1851 40.

391 1875 476 1916 Cas.
507 1888 540 1915 v.
569 1877 643 1916 841
677 1876 944 1927 Spectatores,
985 1875 1089 1926 qnod
1123 1875 1325 1925 futurum,
1365 1875 1474 1915 intus
1515 1876 1577 1916 hic

286 1940 573 1978 memorabinns

391 2001 523 2042 hiatus
570 2001 666 2041 nihil
718 2001 836 2041 habet
882 2000 1101 2041 offensionis
1146 2003 1186 2041 et
1240 2000 1344 2049 apud
1395 2001 1577 2051 futurum

287 2076 404 2112 saepe
439 2069 533 2104 sunt
568 2065 765 2103 omittitur
804 2076 926 2114 neque
956 2063 1235 2113 impedimento
1263 2067 1344 2110 est,
1382 2064 1485 2113 quod
1513 2064 1577 2103 hie

289 2126 476 2166 habemus
503 2126 748 2167 enuntiatum
779 2126 994 2166 relativum.

392 2189 527 2239 Neque
554 2190 690 2229 dubito
710 2189 802 2239 quin
832 2193 938 2229 recte
968 2188 1078 2227 nobis
1097 2188 1280 2227 tradatur
1307 2189 1344 2227 in
1376 2189 1415 2227 M
1445 2189 1575 2229 codice

288 2252 364 2291 Cic.
385 2252 436 2289 ad
455 2251 545 2291 fam.
565 2252 667 2299 XIV,
698 2252 759 2300 14,
789 2252 808 2290 1
839 2253 875 2290 si
900 2251 967 2291 ille
984 2251 1151 2290 modeste
1177 2254 1376 2298 ventwrns,
1403 2254 1505 2291 recte
1530 2252 1576 2290 in

283 2316 517 2363 praesentia
545 2315 648 2354 domi
675 2328 755 2353 esse
775 2316 962 2364 potestis,
999 2314 1063 2353 sin
1090 2313 1198 2353 homo
1225 2327 1359 2353 amens
1386 2314 1576 2364 diripien-

371 2409 402 2449 1)
426 2410 516 2446 Verg.
542 2412 617 2438 Aen.
641 2411 680 2445 11,
706 2412 744 2439 10
773 2410 826 2437 sed
854 2410 882 2437 si
911 2414 1007 2438 tantus
1040 2418 1124 2437 amor
1156 2419 1244 2438 casua
1265 2419 1436 2446 cognoscere
1457 2415 1572 2439 nostros

289 2463 358 2498 Vll,
383 2463 443 2490 548
466 2467 519 2490 tua
541 2463 569 2491 ui
588 2463 662 2491 mihi
682 2467 761 2491 certa
784 2462 916 2490 volumus
