1776 2893
724 189 983 229 ...59-

211 305 333 334 mum
370 294 475 334 erit
507 304 557 333 es
593 293 667 333 sic
695 292 845 343 plena
879 285 1040 333 forma
1068 294 1253 343 ubique
1280 293 1493 343 sribessre,

212 368 306 407 quo
330 354 650 396 luculentius
669 354 731 394 fit
753 355 907 394 etiam
928 356 1143 406 primum
1164 347 1492 396 intuentibus

211 419 342 459 fieri
369 430 461 459 non
496 428 666 468 posse,
703 416 915 459 ut'haec
952 418 1155 470 syllaba
1191 418 1391 458 omnino
1418 419 1493 459 in-

211 485 380 522 tereat
406 480 595 520 coalita
622 492 727 521 cum
763 494 820 521 us
855 481 1240 522 terminatione.

316 545 399 584 Iam
426 555 587 594 agemus
614 544 664 585 de

566 649 712 702 prima
736 650 925 703 pluralis
952 660 1141 703 persona

315 733 467 773 omissa.
522 735 652 784 Atque
672 735 721 774 de
739 735 843 775 Trin.
868 747 903 775 v.
924 736 999 775 491
1027 747 1162 774 verum
1180 747 1252 774 uos
1272 732 1497 773 Imetculi

213 796 383 836 siteltum
409 798 566 836 animae
592 798 670 850 iam
698 798 849 846 egimus
875 810 914 848 p.
934 798 969 837 6.
1023 797 1217 837 Addimus

313 859 413 899 Rud.
441 872 477 901 v.
501 861 579 901 370
614 860 757 913 Itaque
784 874 854 902 uos
880 861 1080 912 ventisque
1104 860 1363 911 fluctibusque

313 922 496 963 Iactatae
511 925 695 974 exemplis
703 925 903 974 plurumis
914 926 1080 964 miserae
1087 927 1322 974 perpetuam
1335 926 1495 962 noctem.

324 985 400 1025 Vix
424 987 537 1026 hodie
564 987 619 1026 ad
645 987 738 1027 litus
766 988 936 1038 pertulit
970 998 1042 1027 uos
1068 989 1206 1027 ventus
1233 986 1492 1026 exanimatas.

211 1048 287 1087 Hic
323 1053 483 1098 propter
518 1062 652 1089 sumus
688 1051 846 1090 verbum
884 1051 1070 1090 omissum
1111 1050 1299 1089 statuisse
1337 1049 1493 1087 videtur

208 1110 394 1150 Fleckeis.
423 1105 618 1151 lacunam:
657 1112 835 1162 equidem
863 1116 1049 1162 exputare
1084 1123 1159 1151 non
1184 1123 1355 1161 possum,
1394 1110 1489 1160 quid

211 1184 331 1212 nexus
372 1175 654 1213 sententiarum
695 1175 812 1214 etiam
853 1176 904 1214 ad
943 1174 1263 1225 perspicuitatem
1304 1173 1489 1223 postulet.

209 1235 444 1286 Perpetuam
473 1240 621 1276 noctem
653 1238 868 1278 miserrime
894 1237 1076 1278 fluctibus
1103 1238 1273 1276 iactatae
1297 1240 1399 1285 sunt,
1427 1236 1491 1275 die

207 1298 424 1349 insequenti
455 1303 593 1339 ventus
624 1312 690 1340 eas
717 1300 768 1339 ad
796 1301 890 1341 litus
915 1300 1080 1351 appulit.
1134 1299 1235 1346 Quid
1263 1299 1492 1348 desideres?

208 1360 358 1401 Deinde
387 1373 421 1401 v,
447 1362 524 1402 374
561 1362 775 1413 Neptunus
800 1364 927 1403 iactat
954 1364 1078 1403 omnis
1104 1365 1140 1403 si
1167 1375 1267 1413 quae
1292 1362 1491 1412 improbae

206 1428 301 1464 suut
325 1438 469 1465 meroes
496 1437 568 1464 non
597 1426 714 1465 etiam
743 1427 895 1477 longius
921 1439 945 1466 a
971 1428 1145 1467 iactatae
1173 1426 1323 1475 diiungi
1341 1428 1490 1475 potest;

205 1500 339 1526 sumus
365 1491 496 1528 autem
525 1489 587 1527 hic
615 1488 728 1528 facile
747 1490 880 1529 deesse
908 1493 1040 1539 potest
1066 1495 1227 1539 propter
1256 1489 1491 1528 antecedens

206 1562 417 1599 pronomen
440 1555 481 1590 et
505 1550 728 1591 conferatur
753 1551 866 1591 velim
894 1553 1013 1591 Andr.
1043 1564 1076 1590 ν.
1102 1552 1180 1591 285
1209 1564 1290 1606 (vos
1312 1554 1490 1599 semotae,

207 1626 277 1652 nos
304 1608 403 1653 sobt’.
456 1613 599 1653 Durior
626 1614 782 1654 omissio
802 1608 980 1664 occurrit,
1011 1619 1054 1654 ut
1080 1615 1158 1654 iam
1178 1614 1347 1653 vidimus
1375 1626 1411 1663 p.
1435 1614 1485 1652 37

309 1676 410 1715 Rud.
439 1688 473 1714 v,
493 1675 575 1716 690.
597 1677 751 1727 siynum
776 1678 820 1716 iu
840 1678 939 1728 fauo
959 1678 1028 1717 hoc
1048 1679 1156 1717 intus
1193 1677 1364 1724 Veneris,
1387 1677 1491 1726 quod

205 1738 409 1788 amplexae
434 1740 544 1779 modo
570 1740 676 1780 uude
701 1740 886 1791 abreptae
909 1746 983 1791 per
1008 1741 1085 1780 vim
1110 1741 1275 1780 miserae

313 1804 354 1839 et
380 1813 417 1850 p.
434 1802 481 1840 17
505 1813 539 1840 v.
552 1801 632 1842 453
659 1802 751 1842 Iam
761 1803 858 1852 ptus
877 1804 973 1842 mali
989 1804 1091 1843 illud
1108 1803 1216 1842 nobis
1236 1804 1341 1850 vivit,
1370 1815 1488 1852 quam

204 1865 329 1903 ratae.
358 1875 360 1877 ·

309 1937 344 1974 p.
364 1926 419 1965 40
446 1926 556 1966 Cure.
585 1939 620 1966 v.
640 1928 717 1968 353
749 1928 884 1968 Omnis
909 1942 973 1968 res
991 1932 1183 1979 paratust
1207 1931 1244 1967 et
1260 1941 1331 1967 uos
1349 1928 1488 1977 quibus

198 1991 392 2037 paratum
419 1989 616 2031 adsumus.

306 2051 522 2102 Postquam
549 2055 679 2093 certati
705 2058 823 2104 atque
857 2056 1003 2105 adpoti.
1043 2056 1142 2096 talos
1173 2056 1300 2105 poscit
1334 2054 1407 2094 sibi
1443 2055 1487 2092 iu

202 2126 363 2153 manum

245 2186 249 2190 ·
308 2187 408 2225 quae
426 2178 604 2227 exempla
623 2190 734 2218 nemo
754 2180 923 2220 mutavit
939 2181 988 2229 ¹).
1041 2180 1175 2230 Neque
1200 2180 1327 2219 minus
1346 2180 1485 2219 saltem

204 2238 319 2279 facile
348 2240 544 2279 omittitur

292 2396 324 2437 1)
346 2398 513 2428 Notissima
535 2403 606 2428 sunt
628 2403 766 2439 exempla
787 2403 876 2438 quale
899 2405 945 2431 est
966 2402 1041 2431 Aen.
1067 2402 1121 2437 XI,
1146 2403 1206 2430 248
1223 2406 1379 2438 postquam
1394 2402 1486 2430 intro-

201 2450 298 2484 9re⁸8i
317 2455 345 2479 et
366 2460 465 2480 coram
488 2453 561 2480 daea
583 2454 669 2490 copia
685 2455 785 2491 fandi,
809 2464 929 2483 munera
945 2455 1161 2493 praefer-imum
1184 2460 1213 2484 et
1235 2455 1357 2484 similia.
