1776 2893
792 169 1052 212 —34-

275 277 373 316 tatio
410 287 513 315 nunc
551 289 638 317 cum
678 278 1019 317 demonstraturus
1056 288 1141 316 sum
1170 276 1353 316 Plautum
1383 277 1500 317 etiam
1529 276 1567 316 in

275 352 373 389 opus
402 342 459 379 est
485 338 655 379 formula
682 339 956 390 similibusque
984 339 1140 380 minime
1160 338 1426 390 repudiavisse
1452 339 1569 380 omis-

278 403 425 443 sionem
463 402 571 442 verbi
609 402 862 442 substantivi.
918 402 1004 442 Etsi
1040 403 1137 442 mihi
1175 414 1248 442 non
1277 402 1487 452 continget,
1524 406 1569 442 ut

273 470 466 514 quatenus
498 465 595 505 haec
625 468 763 515 pateat
794 465 972 515 omissio,
1008 466 1125 506 certis
1156 465 1297 505 finibus
1324 464 1567 505 circumscri-

274 529 376 577 bam,
406 533 537 568 tamen
558 528 598 567 id
619 528 881 568 certissimum
901 533 962 568 est
980 529 1098 568 etiam
1117 528 1300 568 Plautum
1329 540 1427 577 opus
1445 527 1567 577 scrip-

274 592 372 631 sisse
400 602 471 640 pro
508 603 605 641 opus
634 592 700 629 est.
756 591 869 640 Quod
899 595 943 631 ut
970 594 1156 640 statuam,
1194 602 1256 630 me
1282 589 1461 641 inprimis
1487 601 1568 630 mo-

275 658 368 695 vent
395 666 441 696 ea
469 665 570 704 quae
599 654 706 704 apud
734 654 832 694 alios
859 655 1067 704 scriptores
1094 654 1224 694 inveni
1250 653 1439 703 exempla.
1494 655 1568 694 Le-

275 718 404 767 gimus
431 721 565 757 autem
605 717 711 766 apud
741 717 961 756 Ciceronem
1000 716 1099 756 satis
1127 716 1414 756 memorabilem
1442 716 1569 757 locum

276 779 326 819 ad
360 779 443 819 Att.
473 779 557 829 XV,
587 780 645 829 1³,
675 781 714 819 1:
746 780 859 835 ‘quid
883 780 978 819 mihi
1003 781 1086 820 iam
1110 779 1285 819 medico?
1312 783 1386 821 aut
1409 781 1446 820 si
1473 793 1571 831 opus

276 846 334 881 est
373 846 487 882 tanta
524 844 663 893 inopia
699 838 781 890 est',
822 842 887 881 ubi
926 843 964 881 in
999 842 1073 883 hac
1111 843 1417 892 interrogatione
1445 843 1567 883 etiam

276 918 375 955 opus
405 908 462 945 est
498 905 716 953 omittitur3
754 905 804 944 ad
828 907 909 945 Att.
937 905 1004 954 VI,
1032 906 1069 954 2,
1097 906 1121 945 9
1148 905 1218 946 sed
1242 906 1324 946 iwm
1351 907 1448 958 quid
1474 920 1571 959 opus

278 970 490 1020 equitatu?
543 969 691 1009 Eadem
729 969 884 1008 omissio
912 970 1073 1009 ‘occurit
1112 970 1218 1018 apud
1244 975 1382 1018 poetas
1410 970 1570 1021 lyricos:

276 1032 361 1072 Tib.
390 1032 421 1081 1,
451 1033 486 1081 6,
514 1032 564 1072 33
596 1032 702 1082 Quid
729 1032 797 1071 tibi
828 1033 989 1084 coniuqe
1016 1032 1141 1082 opus?
1169 1035 1240 1072 tua
1266 1033 1301 1072 si
1319 1033 1420 1073 bona
1446 1035 1573 1075 nescis

278 1095 465 1144 Servare,
501 1096 659 1146 frustra
695 1096 815 1135 clavis
853 1096 956 1135 inest
995 1096 1157 1145 foribus.
1212 1095 1328 1145 Prop.
1356 1096 1408 1144 H,
1446 1097 1482 1144 6,
1518 1097 1569 1137 25

279 1159 424 1209 templa
451 1157 679 1198 Pudicitiae
716 1158 814 1208 quid
849 1171 947 1209 opus
974 1159 1158 1198 statuisse
1178 1158 1347 1208 puellis,
1376 1157 1423 1199 Si
1450 1160 1573 1200 cuivis

276 1225 428 1271 nuptae
457 1221 614 1260 cuilibet
640 1234 720 1260 esse
748 1220 868 1259 libet?

381 1284 415 1323 A
444 1283 579 1334 lingua
598 1284 742 1323 Latina
769 1283 892 1333 igitur
920 1283 1015 1323 haec
1043 1283 1198 1323 omissio
1226 1295 1299 1323 non
1326 1285 1404 1326 fuit
1421 1285 1570 1334 aliena;

277 1351 318 1385 et
359 1358 428 1386 cur
456 1347 595 1385 Plauto
631 1347 903 1393 abiudicatur‚
942 1347 1049 1395 apud
1084 1357 1197 1396 quem
1236 1350 1296 1386 tot
1322 1348 1572 1387 inveniuntur

279 1408 457 1460 exempla
493 1412 550 1449 est
582 1408 737 1459 omissi,
779 1413 823 1448 ut
851 1408 1034 1449 dubitare
1060 1420 1133 1449 non
1161 1409 1378 1460 possimus?
1432 1410 1573 1452 Pseud.

278 1487 313 1513 v.
342 1474 419 1514 349
459 1473 556 1523 quid
596 1487 693 1523 opus
730 1472 892 1523 qlddio?
946 1472 1027 1511 Mil.
1055 1485 1090 1511 v.
1120 1473 1197 1513 636
1234 1475 1330 1523 quid
1356 1487 1454 1524 opus
1478 1478 1573 1513 nota

278 1548 436 1575 noscere
463 1547 499 1573 v.
527 1535 604 1574 469
645 1535 764 1574 Meus
800 1534 1044 1582 Palaestrio,
1079 1535 1292 1575 machaera
1327 1536 1428 1575 nihil
1464 1548 1572 1586 opus.

285 1598 391 1648 Quid
416 1597 529 1638 iam?
584 1598 702 1637 Merc.
731 1610 766 1637 v.
797 1597 874 1637 396
909 1596 1010 1636 nihil
1046 1609 1144 1647 opus
1169 1598 1279 1637 nobis
1306 1599 1466 1647 ancilla,
1492 1600 1574 1639 nisi

281 1674 383 1711 quae
411 1664 522 1700 texat
547 1661 659 1699 Truc.
689 1672 723 1699 V.
752 1660 828 1699 873
861 1660 966 1708 Quid
992 1672 1035 1698 eo
1063 1660 1188 1710 opus?
1215 1673 1242 1699 :z
1270 1660 1324 1700 In
1350 1674 1432 1701 rem
1448 1674 1574 1701 meam

280 1724 379 1763 Rud.
409 1735 444 1762 v.
476 1724 547 1762 111
583 1724 689 1773 Quid
716 1735 824 1773 opus,
854 1722 1116 1763 adulescens?

387 1786 503 1825 Mero.
542 1799 576 1825 V.
613 1786 691 1824 423
728 1785 849 1825 Dixit
883 1798 923 1824 se
959 1786 1177 1834 redhibere,
1226 1788 1261 1826 si
1298 1798 1380 1826 non
1410 1787 1575 1836 placeat

282 1848 399 1888 Nihil
424 1849 521 1888 istoc
550 1861 649 1899 opus

388 1911 445 1951 sic
472 1912 523 1951 B:
554 1911 621 1951 OD
651 1914 787 1962 opust:
824 1911 918 1950 mihi
947 1910 1181 1950 versimilius
1209 1911 1365 1952 videtur
1391 1912 1574 1963 aliquem,

283 1977 350 2025 qui
390 1975 589 2014 desidaret
628 1978 685 2014 est
718 1974 920 2013 addidisse
958 1974 998 2013 in
1035 1973 1111 2013 fine
1139 1985 1293 2024 versus,
1335 1986 1449 2025 quam
1479 1975 1574 2014 omi-

282 2039 391 2078 sisse.
446 2038 546 2077 Item

388 2102 505 2142 Most.
533 2113 568 2140 v.
596 2101 674 2141 285
715 2101 768 2140 B:
816 2100 917 2140 Cedo
954 2114 1161 2141 cerussam.
1199 2114 1226 2141 ::
1271 2102 1377 2151 Quid
1415 2114 1574 2142 cerussa

285 2178 382 2215 opus
409 2164 535 2204 nam?
563 2176 590 2203 :z
618 2164 759 2203 Malas
787 2165 855 2214 qui
882 2164 1051 2204 oblinam

391 2227 456 2268 OD
483 2230 599 2278 opust
615 2240 709 2267 nam
737 2228 827 2278 qui:
854 2228 899 2268 R.
922 2241 1080 2269 cerussa
1100 2241 1194 2268 nam
1214 2231 1329 2278 opust
1353 2229 1422 2268 sed
1442 2228 1573 2268 videa-

283 2302 382 2338 mus,
410 2295 621 2339 antequam
649 2291 902 2330 decernamus

390 2352 473 2393 Mil.
502 2363 537 2392 v.
569 2352 671 2392 1154
697 2352 747 2392 B:
777 2352 873 2404 o'pus
901 2353 1011 2395 dolis.
1060 2353 1180 2395 Domi
1199 2354 1279 2395 e‘sse
1308 2354 1363 2395 ad
1389 2367 1476 2395 eam
1492 2367 1575 2395 rem

284 2417 379 2458 Cum
409 2418 473 2457 hic
493 2427 629 2455 rursus
649 2416 714 2455 CD
737 2418 950 2466 praebeant
979 2421 1092 2468 opust
1119 2418 1230 2466 dolis,
1259 2418 1337 2457 iam
1358 2417 1574 2468 deprehen-

284 2482 412 2521 dimus
440 2480 550 2521 illum
591 2478 815 2531 falsarium,
850 2481 917 2530 qul
945 2480 1044 2521 illud
1072 2483 1130 2521 est
1155 2491 1226 2521 sua
1253 2492 1371 2521 manu
1399 2480 1575 2532 addidit3
