1776 2893
734 199 994 239 -91-

223 303 309 343 Cas.
345 303 392 351 V,
427 302 464 350 2,
507 301 555 340 18
588 300 702 340 Perii
735 301 862 342 hercle
896 314 987 353 eqo:
1022 305 1236 354 manifesta
1271 318 1357 344 res:
1395 306 1502 345 libri:

220 378 284 406 res
311 367 369 404 est
402 364 456 404 Et
493 366 551 403 est
587 363 663 403 alio
699 364 785 405 loco
820 365 992 415 positum
1028 366 1204 406 videmus
1232 367 1311 407 Mil.
1340 368 1416 409 225
1442 383 1506 409 res

222 428 454 468 subitarium}
485 426 604 466 Baeh.
632 439 667 466 v.
697 427 773 467 194
808 440 872 467 res
909 428 1062 469 mallast
1090 429 1204 479 Epid.
1233 442 1267 469 v.
1297 432 1370 470 661
1398 445 1504 483 may-

222 493 316 532 wast
340 503 414 530 res.

328 552 430 593 Sane
464 553 685 593 mirandum
726 557 787 594 est
813 555 985 595 Terentii
1022 567 1177 606 quoque
1214 555 1332 596 libros
1359 557 1508 606 pariter

225 619 326 657 inter
354 627 397 655 se
423 616 643 666 dissentire,
671 629 760 656 nam
787 617 886 657 Eun.
915 618 989 658 361
1019 618 1230 658 Bembinus
1256 618 1391 659 habet:

327 679 454 718 Estne
480 682 527 718 ut
548 679 679 730 serim·
702 680 865 730 forma?
905 679 1031 729 Sane,
1059 684 1104 721 at
1129 681 1230 721 nihil
1256 682 1311 720 ad
1335 684 1511 721 nostram

225 744 327 784 hanc
354 754 383 781 t:
410 742 508 782 Alia
526 755 613 782 res:
641 744 761 783 ceteri
778 742 900 784 falso:
928 757 992 784 res
1010 748 1076 784 est.
1103 745 1201 784 Eun.
1222 757 1256 784 v.
1277 745 1353 784 268
1381 748 1510 784 autem

225 817 357 846 omnes
382 805 473 845 libri
499 806 645 846 habent
670 819 733 846 res
759 809 833 846 est:

328 867 482 908 Riva'lis
516 881 685 908 servom:
738 868 851 909 sa'lva
885 870 948 909 re's
986 874 1067 910 est:
1113 871 1301 910 nimirum
1339 867 1511 910 homines

1265 933 1325 972 his
1400 947 1402 949 ’

223 983 373 1035 friyent
397 995 474 1022 non
503 984 703 1024 adsentior
722 984 984 1035 Fleckeiseno‚
1013 986 1080 1036 qui
1108 998 1153 1025 ex
1180 987 1237 1025 A:
1356 983 1512 1040 ‘Komi-

225 1041 322 1087 ’11εεῖ
358 1058 513 1086 versum
549 1046 714 1089 format:
744 1072 793 1076 —
820 1049 932 1088 salva
958 1062 1022 1088 res
1049 1049 1237 1088 nimirum
1263 1049 1366 1087 hisce
1392 1048 1511 1087 homi-

226 1122 296 1149 nes
319 1110 371 1160 fr.
841 1144 848 1149 ,,

330 1173 418 1213 Etsi
453 1185 501 1213 ne
536 1173 600 1213 hic
633 1175 789 1224 quidem
826 1175 1034 1214 decernere
1061 1185 1288 1228 possumus,
1316 1177 1510 1224 quatenus

225 1237 400 1287 patuerit
417 1237 575 1276 omissio
603 1238 712 1284 (num
730 1237 860 1286 latius,
887 1248 1006 1286 quam
1033 1249 1110 1287 quo
1129 1237 1297 1286 vestigia
1322 1236 1511 1276 librorum

226 1312 297 1339 nos
335 1300 522 1347 ducant‘r’)
560 1303 692 1339 tamen
731 1311 816 1338 eam
854 1300 1065 1339 admissam
1112 1311 1197 1339 esse
1234 1311 1258 1338 a
1291 1298 1432 1338 Plauto
1473 1302 1513 1337 et

228 1361 409 1401 Terentio
428 1361 699 1411 intellegimus,
720 1365 760 1401 et
777 1363 819 1401 id
838 1360 1088 1402 confirmatur
1106 1362 1167 1401 his
1185 1362 1280 1401 locis
1296 1362 1512 1401 Ciceronis:

228 1425 279 1464 ad
306 1425 388 1464 Att.
417 1424 468 1473 ΙΙ,
498 1424 560 1474 22,
589 1425 613 1464 6
640 1424 871 1464 mutationis
891 1426 1020 1465 tam-en
1048 1437 1136 1475 spes
1154 1424 1288 1473 nullm
1316 1425 1369 1473 ΙΙ,
1398 1424 1459 1472 22,
1488 1425 1512 1464 6

226 1489 423 1527 invidiosa
461 1501 547 1536 res,·
584 1489 635 1527 ad
671 1487 761 1527 fam.
790 1487 841 1536 Π,
871 1488 906 1536 7,
935 1488 960 1526 2
999 1488 1122 1537 plena
1158 1501 1221 1527 res
1246 1500 1514 1534 nummorum;

229 1551 338 1599 Quae
373 1562 460 1591 cum
495 1551 553 1590 ita
592 1551 672 1591 sint
708 1553 863 1590 constat
890 1551 942 1590 ad
968 1551 1051 1590 Att.
1079 1550 1187 1599 XIII,
1218 1551 1280 1599 41,
1310 1551 1345 1599 2,
1372 1563 1517 1602 mayna

229 1615 331 1654 enim
356 1627 419 1654 res
446 1618 483 1653 et
506 1615 652 1653 multae
680 1614 874 1653 cautionis
900 1613 1001 1652 falso
1030 1614 1229 1652 addidisse
1263 1614 1432 1653 editores
1461 1616 1517 1652 est

229 1680 321 1726 post
346 1689 418 1715 res.
472 1677 516 1715 In
545 1676 736 1715 similibus
764 1687 917 1726 quoque
953 1675 1049 1715 locis
1078 1675 1301 1716 Ciceronem
1338 1675 1516 1715 omisisse
1577 1676 1579 1678 ’

229 1742 287 1779 est
313 1739 554 1779 ostendimus
581 1752 619 1789 p.
647 1740 698 1778 62
716 1741 748 1784 ¹)

334 1801 390 1841 Ut
437 1801 696 1841 intelleximus
744 1801 784 1840 in
823 1801 1194 1850 interrogationibus
1237 1800 1351 1840 facile
1387 1801 1516 1840 omitti

230 1868 287 1905 est
313 1864 369 1904 sic
395 1875 498 1904 nunc
524 1864 772 1904 ostendemus
792 1864 911 1903 etiam
940 1876 964 1903 a
991 1865 1131 1903 ceteris
1150 1865 1233 1904 sive
1252 1864 1516 1903 subordinatis

230 1929 312 1967 sive
330 1939 405 1966 non
432 1927 695 1966 subordinatis
724 1926 935 1966 enuntiatis
963 1927 1211 1966 omissionem
1238 1926 1396 1966 minime
1423 1925 1516 1965 alie-

229 2002 319 2030 nam
357 2002 452 2030 esse.
517 1990 646 2030 Unum
684 1989 782 2030 illud
820 2000 942 2039 genus
991 1990 1274 2039 exemplorum,
1313 1990 1417 2040 quod
1455 1989 1517 2029 vel

232 2054 489 2093 certissimum
518 2056 598 2101 est,
635 2054 713 2092 iam
752 2052 990 2091 absolvimus
1016 2064 1053 2101 p.
1083 2052 1143 2100 11,
1172 2051 1240 2091 ubi
1266 2052 1432 2090 vidimus
1459 2050 1516 2090 fa-

231 2115 373 2156 cillime
400 2118 458 2155 est
482 2115 623 2164 omitti,
652 2116 687 2155 si
712 2127 925 2165 pronomen
952 2115 1094 2155 tertiae
1110 2126 1301 2165 personae
1327 2126 1397 2164 pro
1424 2114 1513 2154 sub-

230 2180 331 2219 iecto
367 2179 539 2228 positum
576 2179 691 2217 adsit.
745 2177 881 2228 Neque
907 2178 1024 2217 aliter
1050 2189 1093 2217 se
1119 2189 1183 2216 res
1210 2177 1347 2225 habet,
1384 2178 1418 2215 si
1445 2189 1513 2215 no-

230 2253 318 2281 men
356 2253 442 2281 cum
477 2241 704 2291 pronomine
742 2241 991 2290 coniungitur
1017 2240 1078 2280 vel
1117 2251 1253 2279 nomen
1292 2239 1417 2279 solum
1443 2252 1513 2290 po-

235 2305 365 2344 nitur:
394 2305 445 2343 ad
463 2305 545 2343 Att.
565 2304 597 2352 Ι,
628 2304 688 2353 12,
719 2305 738 2342 1
775 2303 937 2342 Teucris
954 2303 1026 2342 illa
1045 2303 1190 2342 lentum
1208 2315 1304 2341 sane
1322 2303 1516 2353 negotium

319 2399 349 2438 1)
371 2400 437 2429 cat.
461 2402 511 2435 64,
550 2401 606 2429 186
639 2399 722 2427 nulla
740 2398 837 2434 suque
866 2397 962 2431 ratio,
995 2396 1078 2425 nulla
1111 2406 1198 2433 ⁸pes;
1229 2397 1318 2433 Prop.
1343 2399 1382 2434 11,
1406 2400 1435 2433 5,
1459 2400 1515 2427 107

233 2463 286 2481 are
308 2453 384 2482 bona
407 2470 447 2474 —
469 2453 522 2481 sed
536 2456 714 2489 postquam;
736 2451 791 2486 lv,
814 2452 842 2484 3,
867 2452 903 2480 61
930 2454 1010 2478 certa
1033 2450 1145 2485 loquor,
1170 2450 1223 2478 aad
1242 2450 1327 2478 nulla
1346 2450 1421 2485 fides
1432 2461 1444 2487 ;
1465 2450 1518 2486 IV,

233 2508 250 2535 3
274 2515 391 2542 mayna,
414 2506 480 2541 viri,
504 2513 629 2533 merces:
653 2508 747 2541 parat
768 2503 871 2532 ultima
894 2507 974 2531 terra
997 2502 1165 2539 triumphos.
