1776 2893
35 60 44 65 ἒ
0 0 28 17 Ὶ

0 2268 5 2357 'k

222 223 383 277 tandum
411 237 481 280 est,
510 233 602 282 quin
630 236 736 271 recte
761 243 804 271 se
830 233 975 272 habeat
1000 233 1278 282 iuterrogatio:
1310 236 1416 284 Quid
1437 237 1506 275 tibi

221 310 369 340 mecum
395 294 555 337 autem?
1267 346 1269 348 ,

326 360 386 407 Ut,
408 369 508 397 nunc
525 357 785 405 adiungamus
811 357 1137 405 interrogationes
1155 359 1203 397 ab
1233 360 1300 398 ubi
1321 361 1504 410 incipien-

222 427 301 473 tes,
328 415 402 461 non
430 430 635 470 possumus
663 418 791 458 facere
819 418 911 468 quin
940 418 1215 459 admoneamus
1241 419 1346 460 illius
1373 433 1505 461 versus

222 485 327 526 Asin.
355 482 449 523 196:
487 482 553 522 ubi
589 481 703 521 illaec
739 494 839 532 quae
877 481 967 521 deda·
1002 481 1125 521 ante?
1162 479 1274 531 quem
1312 484 1505 533 integrum

215 548 461 596 'reliquerunt
496 544 570 584 viri
598 544 713 583 docti.
769 543 845 592 Qui
872 547 1003 583 autem
1032 544 1096 583 hic
1132 548 1227 584 sunt
1261 546 1388 585 omitti
1417 558 1505 586 con·
1550 557 1552 560 ·

223 611 361 658 cedere
389 608 518 663 debet,
545 607 579 647 is
606 606 890 647 inconstantiae
909 607 1192 648 convincendus
1219 612 1291 655 est,
1318 609 1353 648 si
1372 610 1506 649 eadem

222 672 444 713 condicione
467 673 525 709 est
540 671 675 709 deesse
692 681 804 719 posse
826 671 1038 719 negaverit.
1074 671 1213 720 Itaque
1232 672 1375 721 integri
1392 672 1506 711 relin-

221 733 363 787 quendi
390 737 483 773 sunt
509 732 678 792 primum
707 731 747 772 hi
774 743 908 772 versus
937 732 1127 773 Plautini:

325 802 410 841 Cas.
439 813 473 840 v,
496 801 573 839 438
608 799 683 841 Ubi
710 804 780 840 tua
805 801 937 840 uxor?
990 800 1108 840 Intus
1134 802 1207 842 illa
1235 806 1270 841 te
1297 807 1430 843 manet

325 853 443 913 atque
473 862 537 902 hic
563 862 719 913 quidem
747 862 813 903 vix
840 862 1045 912 quisquam
1073 863 1288 903 immisceat
1316 868 1383 913 est,
1411 866 1506 915 quia

221 937 356 968 versus
383 926 423 966 id
452 929 561 965 vetat
586 925 683 976 fieri,
711 926 780 966 sed
809 926 1027 977 ubicunque
1055 926 1094 966 in
1122 927 1192 967 tali
1214 928 1416 968 enuntiato
1444 940 1507 968 oc-

222 990 343 1032 currit
371 989 529 1029 verbum
559 989 598 1028 iu
626 1003 693 1030 -us
721 990 944 1037 terminans,
976 1001 1051 1029 non
1079 993 1263 1030 verentur
1292 994 1307 1031 t
1333 991 1505 1031 litteram

220 1054 451 1093 adscribere.
506 1053 618 1100 Quod
645 1053 792 1092 faciunt
818 1052 1024 1093 falsissime
1053 1053 1179 1092 velut:

325 1116 434 1157 Cure.
463 1127 498 1155 v,
515 1117 592 1157 437
621 1116 687 1156 ubi
713 1116 854 1166 ipsus?
882 1129 978 1166 quor
1004 1129 1085 1156 non
1111 1118 1247 1157 venit?

326 1179 392 1219 ubi
408 1178 541 1218 Goetz.
558 1190 643 1218 cum
658 1179 845 1219 Fleckeis.
866 1179 1002 1219 scribit
1021 1181 1171 1230 ipsust;
1190 1181 1356 1221 Plautus
1372 1186 1503 1221 autem

222 1242 408 1290 fortasse,
449 1242 482 1281 si
510 1242 663 1281 omnino
691 1241 848 1281 verbum
877 1242 1046 1282 scribere
1074 1242 1281 1292 voluisset,
1318 1244 1504 1285 libentius

220 1306 441 1355 scripsisset
468 1305 571 1344 ubist
595 1306 706 1355 ipsus
729 1306 829 1345 sicut
849 1305 1012 1355 legimus
1041 1305 1154 1355 Epid.
1176 1319 1211 1345 v.
1236 1307 1287 1346 22
1315 1308 1385 1347 sed
1402 1309 1507 1348 ubist

218 1370 280 1418 is‚·
319 1368 432 1418 Epid.
462 1380 496 1407 v.
519 1367 571 1406 40
597 1368 681 1417 ipse
707 1368 820 1407 ubist.
874 1368 931 1407 Ne
960 1359 1104 1408 multus
1131 1369 1216 1417 sim,
1245 1369 1505 1410 certissimum

223 1435 282 1471 est
310 1432 492 1471 Plautum
526 1431 592 1470 ubi
618 1432 728 1480 ipsus
763 1432 964 1481 scripsisse
991 1432 1093 1470 sicut
1120 1432 1238 1471 etiam
1266 1431 1347 1472 Mil.
1373 1434 1397 1472 9
1426 1433 1507 1473 Sed

218 1495 285 1534 ubi
319 1493 586 1544 Artotrogus?
634 1493 782 1534 frustra
819 1494 884 1533 R.:
932 1489 1091 1549 t-yust}
1134 1494 1351 1534 invenimus
1389 1497 1503 1536 Truc.

217 1571 252 1598 v.
277 1558 373 1599 588:
410 1557 508 1606 Dic,
525 1558 682 1597 ‚amabo
721 1561 776 1605 te,
814 1558 916 1597 ubist
951 1556 1226 1597 Diniarchus?
1265 1569 1338 1598 non
1374 1560 1505 1600 -chust

218 1621 335 1662 Merc.
363 1634 398 1661 v.
426 1622 499 1661 130
527 1621 633 1661 libri:
669 1621 736 1661 ubi
773 1620 971 1661 Charinus
998 1620 1119 1660 erus?
1155 1621 1236 1670 (B:
1265 1624 1420 1675 servus)
1456 1624 1502 1662 R.

219 1688 351 1724 autem
380 1688 505 1725 totum
532 1696 687 1725 versum
715 1684 772 1725 sic
799 1684 991 1724 restituit:

320 1747 483 1798 Aperite
510 1748 656 1798 aliquis
682 1748 748 1787 ubi
780 1746 978 1787 Charinus
1004 1760 1093 1787 erus
1120 1748 1204 1787 est?
1231 1749 1421 1788 dominest
1447 1762 1502 1788 cm

215 1810 345 1860 foris?

320 1873 493 1913 Primum
514 1874 609 1914 mihi
629 1874 822 1925 displicet,
849 1874 952 1924 quod
970 1874 1033 1914 hic
1051 1873 1281 1913 haberemus
1300 1873 1500 1923 do'minest,

217 1947 252 1975 v,
279 1936 353 1976 127
382 1941 512 1976 autem
542 1937 693 1976 domine
719 1950 775 1977 an
806 1937 908 1987 foris
935 1937 1063 1977 dicam
1089 1950 1169 1976 esse
1196 1950 1323 1984 erum,
1359 1937 1501 1977 deinde

220 2008 299 2049 qua
327 2000 376 2040 de
396 2011 513 2039 causa
532 2003 598 2048 est,
627 2001 736 2040 cuius
754 2000 909 2050 plenam
938 2000 1100 2040 formam
1125 2011 1259 2039 versus
1285 1999 1347 2039 hic
1367 2004 1500 2049 postu-

216 2061 337 2112 laret,
375 2062 562 2104 excidisse
590 2063 837 2103 statuamus?
891 2062 1081 2110 Quoniam
1109 2062 1229 2113 igitur
1255 2062 1419 2102 Plautus
1445 2066 1503 2103 est

218 2136 295 2165 non
323 2126 492 2175 scripsit,
520 2124 612 2175 quid
638 2126 939 2176 vituperandum
967 2130 1026 2166 est
1052 2126 1090 2166 in
1115 2137 1229 2165 versu
1255 2125 1310 2166 sic
1337 2126 1501 2166 tradito:

320 2188 484 2239 Aperite
520 2187 689 2238 aliquis:
728 2188 795 2229 ubi
827 2187 1026 2229 Charinus
1060 2189 1179 2228 erus?
1220 2188 1410 2228 dominest
1444 2202 1501 2228 an

216 2251 347 2299 foris?
402 2251 468 2290 Sin
496 2255 629 2289 autem
657 2254 715 2290 est
740 2252 985 2291 scribendum
1014 2255 1128 2301 esset,
1157 2251 1281 2301 magis
1299 2255 1500 2301 exspecta-

216 2324 297 2354 rem
316 2314 383 2355 ubi
407 2312 624 2354 Charinust
646 2327 736 2354 erus
750 2315 958 2354 secundum
972 2313 1078 2354 Pers.
1094 2325 1128 2353 v.
1142 2313 1217 2352 277
1246 2312 1319 2353 Um·
1338 2313 1501 2354 Toxilus

219 2379 275 2416 est
302 2380 393 2417 tuus
421 2389 522 2424 eruS,
550 2376 617 2416 ubi
645 2377 769 2427 plenis
796 2377 938 2417 litteris
965 2379 1023 2416 est
1055 2387 1079 2415 a
1105 2376 1215 2415 libris
1242 2388 1328 2416 cum
1357 2377 1392 2415 A
1418 2381 1501 2417 tra-

218 2438 342 2480 ditum
373 2444 446 2490 est,
473 2451 707 2491 quamquam
737 2450 871 2480 versus
897 2438 1072 2491 postulat
1104 2438 1291 2481 Toxilust.

0 2871 76 2893 κ..-
147 2710 339 2893 *Rs
