1776 2893
216 307 344 346 quam,
372 293 511 332 nescio.
552 291 742 339 Quoniam
761 291 1014 340 scriptoribus
1033 293 1183 331 Latinis
1203 297 1367 341 utraque
1394 296 1495 333 ratio

214 356 373 407 placuit,
410 354 624 394 cavendum
653 356 730 402 est,
767 364 814 391 ne
842 364 911 392 nos
940 364 1055 392 unam
1084 355 1351 395 tantummodo
1378 367 1495 406 agno-

215 429 385 460 scamus:
966 444 968 447 -

319 480 469 529 Deinde
505 480 539 517 si
567 479 744 518 novimus
772 477 906 517 Afran.
933 477 1006 528 frg.
1037 479 1087 518 15
1123 480 1210 528 quis
1250 482 1328 517 tam
1365 482 1499 531 sayaci

217 548 334 595 atque
358 542 515 592 inqenio
541 541 689 581 unico?
741 541 835 580 Hor.
858 540 939 580 Sat.
959 540 1010 590 II,
1039 542 1073 587 7,
1101 542 1153 581 83
1180 543 1362 591 quisnam
1385 544 1502 593 iyitur

217 606 341 648 biber?
394 604 566 653 Sapiens
592 604 643 651 II,
671 604 707 651 3,
739 602 812 643 158
841 604 1022 653 quisnam
1055 604 1177 654 iyitur
1202 604 1353 643 sanus?
1408 605 1504 659 ‘Qui

216 682 296 710 non
322 661 492 708 stultus'.
550 667 655 716 Quid
676 667 852 706 avarus?
900 665 1070 722 (Stultus
1097 670 1135 706 et
1156 661 1349 707 insanus'.
1399 667 1505 717 Quid

216 734 252 773 si
270 732 357 782 quis
382 743 463 769 non
489 731 542 768 sit
558 743 717 777 avarus,
759 728 953 769 Continuo
971 730 1124 769 sanus?
1178 725 1392 785 (Minime',
1420 734 1504 770 tum

219 795 375 835 minime
402 798 587 843 putamus
615 792 713 832 falso
741 792 851 832 nobis
879 793 1069 832 traditum
1098 804 1182 832 esse

322 856 405 896 Mil.
427 867 461 893 v.
475 857 554 895 314
576 856 673 905 Quis
691 857 815 907 mayis
835 856 918 895 deis
935 856 1120 895 inimicus
1140 859 1271 904 natus,
1293 869 1411 906 quam
1432 857 1505 896 tu?

323 920 367 958 R.
395 924 526 957 autem
554 918 690 958 scribit
707 921 863 959 namst.
917 917 1018 957 Nam
1047 919 1150 968 quod
1188 918 1251 957 hic
1286 919 1391 967 apud
1419 930 1506 968 per-

219 983 363 1023 fectum
392 981 619 1030 deponentis
653 981 763 1021 deest
790 975 950 1021 verbum
979 981 1290 1031 substantivum,
1328 980 1506 1021 conferas

220 1045 347 1093 velim,
376 1055 475 1093 quae
503 1044 540 1082 in
569 1044 737 1083 secunda
764 1043 972 1093 singularis
999 1055 1165 1092 persona
1193 1044 1302 1084 nobis
1328 1056 1505 1084 occurre-

220 1112 309 1147 runt
348 1106 543 1156 exempla,
580 1105 647 1145 ubi
682 1105 738 1157 (p.
770 1106 835 1158 16)
873 1106 990 1146 etiam
1030 1107 1106 1146 iam
1141 1107 1291 1156 egimus
1324 1108 1373 1147 de
1400 1108 1506 1147 Trin.

221 1184 258 1212 v.
280 1171 358 1211 563
389 1170 495 1219 Quid
520 1169 581 1209 hic
609 1170 761 1209 locutus
789 1170 941 1210 tecum?

325 1232 385 1272 Ibi
413 1231 560 1270 defensi
589 1236 682 1271 sunt
709 1233 827 1271 etiam
856 1233 971 1272 Poen.
1000 1244 1034 1272 V.
1060 1234 1155 1273 965:
1194 1233 1303 1272 Num
1337 1246 1431 1272 nam
1463 1234 1509 1273 in

221 1296 385 1337 balineis
416 1296 704 1336 circumductus
724 1296 881 1345 pallio?
929 1296 1041 1336 Truc.
1068 1308 1101 1335 v,
1124 1297 1199 1336 602
1221 1296 1330 1335 Num
1355 1297 1507 1336 obsecro

221 1372 315 1399 nam
343 1358 505 1405 ariolus,
544 1358 612 1407 qui
638 1359 750 1407 ipsus
786 1370 827 1397 se
852 1358 1057 1397 verberat?
1111 1359 1213 1397 Men.
1242 1371 1275 1397 V.
1298 1360 1373 1398 877
1405 1360 1510 1409 Quid

222 1435 301 1462 esse
335 1421 397 1461 illi
422 1421 543 1460 morbi
580 1420 768 1460 dixeras?
804 1433 933 1460 navra
970 1434 1110 1469 senem
1139 1422 1156 1472 ΙΙ
1184 1420 1293 1460 Num
1327 1422 1510 1463 laruatus

223 1488 295 1525 aut
322 1484 513 1524 cerritus?
549 1484 617 1534 fae
650 1483 773 1523 sciam
801 1483 1169 1523 Commemorandus
1206 1489 1266 1524 est
1302 1483 1364 1525 hic
1403 1485 1510 1525 locus

222 1548 378 1588 Horatii
407 1547 488 1587 Sat.
516 1547 572 1594 II,
600 1547 645 1596 3,
673 1546 750 1586 295
788 1560 913 1596 quone
948 1547 1052 1586 malo
1087 1550 1251 1586 mentem
1291 1549 1510 1588 concussa?

225 1612 360 1651 timore
387 1611 555 1649 deorum.

328 1673 382 1714 Et
399 1673 433 1713 si
451 1673 522 1712 hos
540 1671 847 1722 contemplamur
865 1673 970 1714 locos
990 1673 1205 1714 Ciceronis:
1234 1674 1286 1712 ad
1302 1674 1386 1713 Att.
1402 1674 1510 1723 VIII,

224 1739 260 1785 3,
286 1737 313 1775 4
338 1749 418 1775 non
446 1748 539 1786 ayer
560 1735 733 1775 Picenus
760 1736 955 1775 amissus?
982 1748 1062 1774 non
1081 1737 1331 1786 patefactum
1357 1738 1433 1776 iter
1459 1739 1513 1776 ad

225 1799 385 1840 urbem?
438 1798 541 1845 XIV,
572 1798 630 1845 14,
659 1800 678 1837 1
709 1802 918 1839 coronatus
941 1799 1110 1849 Quintus
1129 1802 1260 1839 noster
1281 1799 1513 1840 Parilibus?

227 1863 382 1903 solusne
409 1862 482 1911 IV,
513 1862 573 1909 18,
603 1862 623 1899 1
663 1862 849 1911 quomodo
886 1875 975 1913 erqo
1010 1863 1248 1910 absolutus?‚
1288 1875 1362 1902 non
1399 1864 1512 1903 dubi-

228 1929 356 1965 tamus
393 1925 485 1974 quin
523 1924 621 1963 falso
658 1927 715 1963 est
740 1925 965 1964 addiderint
1004 1926 1194 1965 editores:
1233 1926 1284 1965 ad
1313 1927 1396 1965 Att.
1425 1926 1513 1973 XII,

227 1989 291 2036 40,
317 1989 341 2027 2
370 1988 462 2027 dum
490 1991 561 2027 tua
586 2000 645 2026 me
673 1988 809 2027 domus
833 1988 1002 2035 levabat,
1040 1989 1128 2038 quis
1155 2002 1182 2027 a
1216 2002 1275 2027 me
1303 1989 1514 2028 exclusus?

161 2056 164 2058 “
229 2051 460 2098 praesertim
496 2060 582 2088 cum
621 2049 738 2088 etiam
776 2050 854 2089 alia
891 2050 1016 2089 multa
1052 2050 1300 2089 inveniantur
1327 2051 1514 2100 exempla,

230 2112 296 2152 ubi
334 2112 373 2152 in
415 2123 489 2151 non
526 2111 790 2152 subordinatis
829 2115 869 2152 et
909 2112 1174 2152 subordinatis
1211 2113 1420 2153 enuntiatis
1458 2116 1516 2153 est

230 2176 426 2215 omittitur
463 2176 568 2224 apud
601 2175 816 2223 perfectum
855 2176 1010 2224 passivi.
1076 2176 1183 2222 Quae
1220 2187 1306 2214 cum
1343 2176 1402 2214 ita
1434 2176 1514 2215 sint

229 2250 364 2279 vereor
398 2242 443 2278 ut
470 2238 556 2289 quis
583 2239 730 2287 cogitet
763 2238 811 2278 de
848 2241 906 2278 est
939 2239 1118 2279 addendo
1147 2238 1244 2279 Men.
1275 2250 1309 2278 v,
1337 2239 1407 2278 181
1437 2239 1513 2287 Ah,

231 2303 347 2342 solem
382 2304 489 2342 vides
527 2301 644 2342 Satin
687 2304 734 2340 ut
768 2305 996 2340 occaecatus
1035 2314 1139 2350 prae
1180 2302 1297 2340 huius
1342 2303 1516 2351 corporis

233 2364 495 2406 candoribus?

337 2428 379 2469 Si
405 2430 528 2477 igitur
564 2440 610 2467 ex
645 2428 706 2467 his
733 2427 1102 2477 interrogationibus
1130 2439 1177 2466 ne
1213 2439 1330 2466 unum
1357 2428 1515 2477 quidem

234 2491 462 2531 mutandum
489 2494 550 2532 est
578 2490 807 2540 exemplum,
835 2489 1000 2530 fortasse
1027 2490 1185 2542 gravior
1212 2490 1375 2530 exsistet
1403 2491 1516 2531 dubi-

1170 2586 1172 2588 .
1210 2552 1269 2592 6*
