1776 2893
752 147 1011 186 -12-

236 247 302 288 ubi
330 251 389 289 est
414 248 512 290 falso
540 250 758 291 immixtum
787 255 858 301 est,
887 251 991 300 quod
1020 250 1115 291 mihi
1143 263 1333 301 apparere
1361 252 1525 294 videtur

237 312 357 351 etiam
398 324 444 352 ex
481 314 658 363 sequenti
701 314 1027 365 interrogatione,
1070 325 1169 363 quae
1210 314 1304 355 item
1341 315 1425 355 sine
1464 320 1524 357 est

240 378 382 415 exstat.

345 439 427 478 Mil.
466 451 500 478 v,
531 441 632 481 1003
672 442 773 495 Tum
810 444 939 482 autem
973 442 1046 481 illa
1084 442 1175 491 ipsa
1201 443 1365 482 nimium
1394 443 1527 493 lepida

236 501 429 551 minisque
465 504 596 543 nitida
630 505 804 554 femina:
845 505 900 544 sic
927 504 973 553 B,
1008 504 1073 544 CD
1101 507 1233 543 autem
1270 506 1418 555 ipsust,
1460 505 1527 545 ubi

238 566 295 602 est
334 563 427 604 item
465 564 563 605 falso
604 567 784 608 additum
821 571 881 607 est
919 567 968 607 ab
1010 579 1077 617 eo,
1119 567 1186 617 qui
1225 567 1386 618 ignarus
1424 572 1527 608 esset

237 626 354 666 huius
383 639 487 667 usus,

342 690 425 729 Mil.
456 702 490 731 v,
519 691 598 732 519
625 691 694 732 Ita
720 692 798 733 ista
823 693 827 743 Ι
851 693 969 733 huius
995 693 1135 733 similis
1162 694 1315 733 nostrai
1342 697 1422 733 tua.

341 753 396 791 B²
430 755 655 794 emendavit
691 756 841 805 primae
879 767 1016 796 manus
1053 756 1290 805 scripturam
1326 758 1446 805 istas,
1487 761 1527 797 et

237 818 282 854 ut
311 815 444 856 hiatus
464 817 667 858 tolleretur
694 820 851 869 scripsit
871 819 915 858 R.
943 820 1071 867 istast,
1098 818 1252 869 Ussing.
1279 820 1405 868 istast,
1432 819 1527 860 Rib-
1565 814 1568 817 ”

237 877 355 918 beck:
395 880 455 919 ita
488 882 611 921 istaec
652 883 770 922 huius
796 883 936 922 similis
964 885 1021 922 est
1059 885 1218 922 nostrae
1257 885 1327 922 tua
1335 897 1349 931 ,·
1385 882 1529 922 minine

238 944 296 980 est
340 942 589 983 desideratur
626 948 667 983 et
703 944 894 986 incertum
935 948 1013 993 est,
1063 944 1131 985 ubi
1166 945 1219 985 sit
1257 945 1526 996 inserendum

238 1004 372 1045 hiatus
411 1007 564 1047 tollitur
599 1012 639 1047 et
677 1008 872 1047 tollendus
910 1012 970 1048 est
1007 1008 1132 1047 forma
1168 1009 1310 1056 istaec,
1350 1021 1450 1059 quae
1478 1010 1527 1048 de

238 1068 376 1108 eadem
404 1080 573 1118 persona
600 1071 729 1120 posita
757 1074 818 1110 est
845 1083 879 1109 v.
908 1071 996 1110 516.

344 1131 494 1172 Eadem
522 1133 678 1173 omissio
709 1135 954 1174 concedenda
982 1138 1042 1174 est
1068 1134 1201 1184 generi
1230 1135 1379 1174 neutri:

343 1194 460 1234 Poen.
496 1208 530 1236 v.
571 1197 646 1236 728
684 1196 812 1236 Haud
848 1198 1009 1236 dubium
1041 1198 1086 1236 id
1122 1197 1288 1247 quidem.
1342 1197 1528 1247 Geppert.

239 1257 395 1307 quidem
423 1262 490 1299 est.

345 1322 428 1362 Mil.
467 1334 501 1362 V.
538 1323 617 1363 406
657 1322 824 1362 Dudum
860 1324 996 1373 edepol
1028 1323 1199 1373 planum
1217 1322 1231 1375 ss
1251 1323 1320 1363 hoc
1358 1324 1438 1374 (hic
1477 1325 1529 1375 A)

241 1384 397 1434 quidem
425 1386 477 1425 B.

345 1460 394 1486 ne
422 1449 486 1489 hic
522 1448 678 1498 quidem
706 1449 924 1498 putandum
960 1453 1019 1489 est
1046 1449 1233 1498 optimam
1267 1452 1386 1498 atque
1413 1461 1529 1489 unam

239 1510 432 1549 medelam
461 1510 595 1551 hiatus
623 1523 707 1551 esse
735 1512 907 1551 inserere
936 1511 1093 1550 verbum
1123 1511 1424 1551 substantivum.

348 1572 388 1611 Si
417 1573 498 1613 Mil.
537 1586 570 1613 v.
600 1575 650 1613 99
680 1574 744 1614 BC
781 1574 947 1613 habent:
988 1574 1089 1614 nihil
1114 1574 1241 1613 hercle
1267 1574 1335 1613 hoo
1363 1575 1529 1624 quidem,

243 1636 275 1673 A
296 1638 427 1676 autem
448 1638 651 1688 quidemst,
680 1649 754 1677 non
783 1637 911 1678 minus
930 1636 1042 1677 facile
1062 1637 1156 1677 addi
1174 1636 1305 1687 potuit
1332 1640 1389 1677 est
1414 1649 1529 1687 quam

241 1699 371 1738 omitti
399 1705 517 1749 atque
546 1701 677 1741 malim
706 1713 794 1741 cum
822 1701 888 1741 BC
916 1700 1029 1741 libris
1057 1699 1196 1748 facere,
1235 1699 1326 1750 quia
1354 1700 1392 1739 in
1420 1704 1530 1741 ante-

241 1762 471 1803 cedentibus
501 1764 651 1805 verbis:
692 1764 804 1804 Istue
843 1764 999 1815 quidem
1040 1763 1175 1813 edepol
1211 1763 1312 1803 nihil
1349 1766 1425 1812 est,
1464 1763 1532 1804 ubi

243 1828 300 1863 est
327 1828 590 1867 necessarium
619 1832 681 1868 est
709 1827 860 1876 versui,
893 1828 1013 1867 etiam
1041 1826 1080 1864 in
1109 1825 1173 1865 BC
1200 1829 1349 1874 exstat,
1377 1837 1463 1865 cum
1492 1827 1532 1865 in

242 1887 277 1924 A
312 1899 359 1926 ex
400 1888 460 1928 his
500 1889 629 1929 verbis
667 1890 857 1930 insertum
895 1889 949 1929 sit
988 1888 1084 1927 illud
1124 1888 1292 1927 alterum
1332 1891 1399 1927 est.
1454 1887 1531 1928 Sed

242 1962 359 2000 quam
388 1963 460 1990 non
490 1953 620 1992 omnia
648 1953 685 1992 in
715 1965 831 1992 unam
859 1952 1024 1992 formam
1053 1950 1267 2000 redigenda
1295 1951 1386 2000 sint,
1413 1950 1533 1990 etiam

243 2025 364 2064 saepe
391 2015 428 2053 in
458 2016 545 2065 ipsa
573 2016 694 2055 tertia
722 2015 933 2065 singularis
962 2025 1127 2064 persona
1156 2013 1384 2054 videbimus.

349 2078 454 2125 Quos
481 2078 585 2118 locos
613 2090 746 2118 omnes
774 2078 919 2117 iniuria
937 2079 1110 2116 mutatos
1136 2087 1221 2116 esse
1247 2076 1297 2115 ab
1318 2075 1532 2116 editoribus

243 2140 320 2180 iam
362 2140 622 2182 intelleximus
650 2154 696 2181 ex
724 2141 850 2191 prima
879 2143 998 2189 atque
1026 2139 1196 2179 secunda
1222 2149 1389 2188 persona
1414 2141 1534 2188 atque

245 2203 365 2242 etiam
404 2205 528 2253 magis
577 2204 848 2254 intellegemus
885 2203 918 2242 si
958 2202 1234 2242 contulerimus
1274 2201 1451 2251 exempla
1488 2213 1535 2241 ex

244 2266 440 2307 Ciceronis
468 2268 646 2317 epistulis
683 2267 874 2318 repetita:
914 2265 965 2305 ad
993 2265 1076 2305 Att.
1104 2265 1209 2314 XIV,
1240 2266 1300 2314 12,
1330 2265 1351 2305 1
1391 2265 1535 2316 diguus

243 2331 309 2369 ille
337 2332 493 2381 quidem
522 2334 624 2371 omni
650 2343 793 2383 reque:
832 2330 920 2377 XII,
963 2330 1011 2368 10
1050 2333 1141 2369 tuus
1169 2332 1299 2368 autem
1326 2328 1436 2367 dolor
1462 2328 1534 2367 hu-

244 2407 386 2434 manus
424 2396 458 2435 is
496 2395 670 2445 quidem,
708 2395 777 2433 sed
810 2405 953 2443 mayno
989 2405 1101 2441 opere
1136 2391 1427 2438 moderandus;
1468 2390 1534 2439 IX,
