1776 2893
273 286 324 324 ad
353 286 434 324 Att.
462 285 573 334 VIII,
601 287 638 335 3,
666 286 692 324 4
728 298 811 325 non
838 299 932 338 ayer
961 286 1133 326 Picenus
1160 285 1359 326 amissus?
1391 273 1473 326 non
1491 272 1571 338 pa·
1654 308 1656 310 v

273 349 461 398 tefactum
486 349 562 388 iter
597 349 652 388 ad
677 348 838 389 arbem?
874 348 943 398 IV,
972 350 1033 396 18,
1063 350 1084 388 1
1122 350 1310 399 quomodo
1344 362 1433 400 erqo
1461 351 1570 389 abso-

270 412 407 450 lutas?
435 412 487 450 ad
518 412 600 450 Att.
630 412 734 458 XIV,
766 413 826 459 10,
856 413 875 450 1
907 415 950 451 at
975 412 1042 451 ille
1069 412 1187 451 etiam
1213 412 1259 450 in
1282 411 1371 461 foro
1399 412 1569 452 combas-

270 476 335 512 tus
374 474 640 525 laudatusque
678 474 977 522 miserabilitcr‚·
1017 474 1069 513 ad
1104 473 1184 514 fam
1212 473 1264 523 11,
1292 474 1328 522 3,
1356 475 1381 513 2
1408 478 1570 515 senatus

268 540 431 576 vocatas
457 538 502 576 in
531 538 705 584 owriam,·
733 538 783 575 ad
803 538 886 575 Att.
914 537 1004 584 XII,
1034 538 1095 585 13,
1125 537 1145 574 1
1173 536 1302 586 fatale
1321 537 1453 576 nescio
1475 538 1571 588 quid

271 602 364 638 tuae
391 600 530 640 virtuti
564 600 722 648 datum,
761 600 805 639 id
841 600 946 649 qnod
970 612 1088 649 saepe
1127 600 1209 639 iam
1236 600 1388 649 emperti
1413 612 1570 648 sumus-,-

273 662 321 708 X,
353 662 413 709 12,
440 662 465 700 3
503 676 567 701 res
593 664 638 701 in
658 666 863 712 posterum
890 662 1029 701 dilata.
1084 663 1194 710 Quae
1229 672 1317 702 cum
1345 660 1402 701 ita
1429 672 1471 701 se
1499 661 1569 701 ha-

270 722 402 773 beant,
428 724 524 764 nihil
544 724 803 765 dubitandum
823 727 884 764 est
911 725 960 764 de
988 724 1133 764 talibus
1152 724 1344 764 Plautinis
1372 723 1567 764 versibus:

376 787 458 825 Mil.
486 800 521 826 v.
550 789 627 828 907
666 788 817 837 Lepide
855 791 892 826 et
930 788 1132 836 sapienter
1160 787 1351 827 commode
1378 789 1417 826 et
1440 787 1569 837 facete

269 862 333 888 res
353 853 519 899 parata.

377 912 496 953 Bach.
525 925 561 952 v,
588 913 667 953 373
708 913 844 953 Omnis
879 914 936 952 ad
964 913 1183 963 perniciem
1209 914 1408 952 instructa
1435 912 1571 951 domas

271 976 397 1024 opime
412 978 530 1025 atque
552 977 736 1026 opipare:
763 975 829 1015 ubi
847 977 898 1015 R:
931 970 1177 1031 ‘opiparestss
1203 976 1284 1015 nisi
1305 969 1568 1031 ‘instructast'

270 1039 462 1087 scriptam
487 1039 580 1088 fnit,
607 1041 652 1077 ut
680 1038 896 1087 videamus,
924 1050 1039 1088 quam
1068 1038 1217 1078 incerta
1244 1050 1307 1078 res
1335 1037 1409 1086 sit,
1448 1037 1482 1076 si
1510 1049 1569 1076 re-

271 1101 446 1140 cedimus
474 1113 499 1140 a
526 1101 603 1140 fide
631 1101 830 1140 librorum.

375 1162 492 1202 Poen.
536 1174 571 1204 V.
608 1163 686 1204 965
726 1162 930 1204 Numnam
972 1164 1018 1204 in
1063 1164 1229 1204 balineis
1276 1163 1569 1204 circumductus

264 1227 424 1275 pallio?

378 1289 491 1328 Cure.
520 1300 555 1328 v,
586 1290 662 1329 190
709 1289 802 1328 Iam
848 1289 940 1328 hnic
990 1289 1185 1339 voluptati
1233 1289 1302 1329 hoc
1338 1288 1570 1328 adiunctum

272 1352 417 1392 odiam.
548 1355 552 1359 '
683 1383 687 1385 .

379 1414 485 1454 Trin.
513 1426 549 1455 v.
578 1414 655 1453 706
683 1413 824 1453 Facile
844 1413 1025 1464 palmam
1051 1414 1178 1462 habes,
1215 1414 1277 1453 hio
1303 1415 1441 1463 victus,
1476 1414 1572 1453 vicit

276 1480 348 1517 tna
377 1478 585 1517 comoedia.

378 1540 433 1579 Ut
451 1544 593 1578 autem·
611 1539 683 1579 hoc
711 1539 795 1578 loco
821 1540 1019 1579 antecedit
1046 1540 1119 1587 hic,
1149 1539 1205 1579 sic
1233 1542 1277 1579 tu
1303 1538 1410 1577 Trin.
1438 1549 1472 1578 v.
1493 1538 1570 1579 975

269 1616 345 1653 pos
385 1606 428 1642 tu
461 1604 597 1653 factus
630 1601 872 1642 Charmides.
928 1603 1038 1650 Quae
1066 1602 1195 1642 omnia
1231 1601 1407 1651 exempla
1433 1602 1569 1641 rectis-

272 1666 369 1705 sime
388 1666 499 1705 nobis
518 1677 542 1704 a
561 1665 673 1705 libris
692 1666 843 1704 tradita
862 1668 966 1712 sunt,
994 1664 1119 1715 neque
1138 1665 1263 1714 magis
1282 1664 1449 1703 vexandi
1476 1667 1568 1703 sunt

273 1728 340 1767 illo
368 1728 512 1768 circulo
540 1728 582 1767 hi
610 1739 764 1767 versus:

379 1791 520 1831 Pseud.
548 1803 584 1831 V.
612 1790 688 1831 631
726 1790 807 1830 Vae
827 1790 921 1830 tibi:
950 1793 993 1829 tu
1019 1791 1203 1829 inventus
1229 1802 1330 1838 vero,
1357 1802 1483 1829 meam
1501 1791 1570 1840 qui

272 1854 453 1904 fnrcilles
478 1855 607 1904 fidem.

380 1916 491 1965 Capt.
519 1929 555 1955 v.
590 1915 669 1956 564
711 1917 773 1956 Ta
809 1917 912 1956 enim
947 1919 1148 1966 repertus,
1196 1915 1462 1955 Philocratem
1502 1916 1571 1966 qui

274 1991 434 2028 superes
460 1979 672 2018 veriverbio
692 1978 706 2030 ΙΙ
725 1979 802 2019 Pol
839 1992 906 2030 eyo
933 1982 979 2018 ut
1012 1991 1094 2017 rem
1118 1978 1249 2025 video,
1290 1981 1334 2017 ta
1374 1979 1569 2026 inventus,

273 2054 368 2080 vera
395 2042 630 2081 vanitudine
660 2042 738 2091 Qui
766 2043 987 2081 convincas.

381 2104 533 2143 Deinde
569 2107 675 2144 recte
715 2104 888 2143 traditur
927 2104 967 2142 in
1004 2103 1193 2142 Bembino
1232 2102 1471 2152 reliquisque
1507 2114 1571 2142 co-

275 2165 447 2204 dicibus:

382 2227 479 2266 Eun.
508 2239 542 2266 V.
570 2229 648 2268 286
688 2228 828 2267 Etiam
865 2241 974 2268 nunc
1011 2229 1074 2268 hic
1109 2232 1193 2268 stas
1219 2227 1450 2267 Parmeno?
1491 2227 1571 2275 eho,

275 2304 467 2331 numnam
494 2291 556 2331 hic
572 2292 734 2331 relictus
755 2294 895 2339 custos,
923 2292 987 2331 Ne
1007 2293 1095 2342 quis
1123 2314 1171 2319 ——
1201 2302 1365 2342 quocum
1387 2290 1433 2329 cf.
1454 2289 1570 2330 Poen.

275 2367 311 2394 v.
339 2354 418 2395 965
448 2354 561 2393 modo
588 2354 763 2394 allatum.

383 2417 496 2458 Caec.
525 2417 623 2457 Stat.
658 2418 749 2469 Frg.
777 2419 828 2458 36
868 2418 976 2458 Nam
1013 2418 1123 2457 nobis
1161 2417 1317 2467 quidem
1353 2428 1472 2456 novos
1508 2429 1570 2455 re-

274 2484 413 2532 pertas
440 2481 549 2521 Iovis
577 2481 673 2521 dens
