1776 2893
783 186 1043 227 ,98-

266 293 368 334 sicut
396 292 515 333 etiam
543 292 595 333 ad
623 291 714 333 fam.
744 292 810 340 IX,
837 292 901 341 21,
929 293 953 332 3
993 295 1071 333 tres
1107 291 1169 332 illi
1193 291 1342 342 fratres
1369 291 1560 342 fuerunt:

273 355 314 396 O.
347 355 417 396 C'n.
441 357 498 396 M.
531 356 750 397 Carbones:
778 356 949 396 Marcus
974 356 1021 396 P.
1052 355 1200 396 Flacco
1227 351 1441 395 accusante
1469 368 1559 395 con-

267 421 477 459 demnatus
496 420 572 471 [est
588 419 667 458 add
688 418 884 468 Wesenb.]
900 419 973 468 fur
993 431 1170 470 maynus,
1198 431 1246 457 ex
1265 417 1407 458 Sicilia
1430 418 1561 458 Gaius

266 485 480 522 accusante
517 482 564 521 L.
607 480 751 521 Crasso
788 481 1046 521 cantharidas
1090 481 1300 531 sumpsisse
1336 481 1482 520 dicitur
1509 503 1560 508 —

269 545 325 593 (M
356 545 475 585 habet
517 544 813 600 tcondemnatus
837 538 923 593 fur'
954 548 1079 593 recte3
1116 544 1141 582 k
1170 546 1228 583 est
1255 555 1336 583 con.
1362 543 1484 593 fur.)‚·
1511 542 1559 582 cf.

272 608 393 647 etiam
422 607 517 647 Hor:
547 606 627 646 Sat.
656 606 706 654 ΙΙ,
734 605 770 653 6,
799 606 869 654 22;
897 606 928 654 Ι,
957 606 993 656 8,
1022 606 1083 647 27.

376 671 461 709 Iam
502 669 598 709 nihil
636 669 898 709 dubitandum
937 673 997 710 est
1033 670 1082 709 de
1117 670 1180 709 his
1220 669 1314 709 locis
1352 668 1560 709 Plautinis:

270 733 380 772 Cure.
410 745 444 772 v.
477 733 552 771 190
587 731 678 771 Iam
705 732 795 771 huic
822 732 1017 781 voluptati
1051 733 1120 772 hoc
1148 733 1378 772 adiunctum
1401 731 1406 782 1
1432 732 1563 771 odium

271 807 394 845 neque
432 798 489 835 est
524 794 620 835 addi
658 794 795 843 debet,
833 799 878 835 ut
920 795 1052 835 hiatus
1080 795 1146 845 qui
1174 794 1271 835 nihil
1298 795 1417 835 habet
1444 794 1561 834 offen-

271 858 390 897 sionis
418 858 457 897 in
487 858 654 897 diaeresi
674 858 851 897 tollatur.
895 858 947 897 Et
967 858 1048 896 Mil.
1069 859 1145 898 907
1174 859 1324 908 Lepide
1350 862 1388 897 et
1404 859 1562 908 sapien-

271 923 329 960 ter
359 921 550 960 commode
579 923 615 960 et
639 921 768 971 facete
794 934 857 960 res
870 923 1017 970 parate
1045 921 1116 969 (B;
1146 923 1209 960 tae
1236 920 1287 969 D)
1315 921 1562 960 scribendum

267 986 446 1033 parata,
483 995 558 1022 non
590 978 829 1038 ‹paratast'3
869 984 975 1022 Asin.
1005 994 1038 1021 v.
1065 984 1140 1022 501
1180 983 1276 1022 mihi
1304 984 1470 1023 credidit
1495 996 1562 1023 ne-

274 1059 399 1095 neque
428 1046 612 1095 deceptus
639 1046 683 1084 in
720 1058 763 1084 eo
801 1044 915 1085 facile
954 1045 1151 1084 omittitur
1189 1049 1247 1085 est
1286 1046 1339 1085 Et
1376 1049 1422 1084 ut
1459 1046 1563 1085 Trin.

271 1109 349 1148 574
377 1108 598 1159 Nunquam
625 1108 761 1158 edepol
788 1108 997 1158 quisquam
1025 1110 1105 1146 tam
1131 1111 1378 1158 exspectatus
1402 1108 1512 1159 filius
1531 1107 1545 1159 ΙΙ

273 1171 408 1210 Natus
447 1172 492 1210 R.
529 1170 680 1209 frustra
710 1170 867 1219 scripsit
903 1173 1060 1216 natust,
1090 1171 1146 1208 sic
1176 1170 1293 1210 Mero.
1323 1171 1399 1210 194
1426 1170 1565 1220 Neque

276 1234 485 1284 quisquam
511 1233 702 1273 hominem
740 1233 1011 1283 conspicatus,
1052 1232 1173 1272 donec
1208 1234 1253 1273 in
1291 1234 1423 1273 navim
1461 1233 1566 1273 subit

273 1309 296 1335 a
325 1296 480 1335 Veteris
508 1297 672 1336 lectione
700 1308 774 1335 non
805 1296 1063 1335 recedendum
1092 1300 1170 1335 est:
1213 1296 1420 1336 habuimus
1448 1309 1484 1346 p.
1514 1297 1563 1335 68

277 1400 287 1415 (
290 1362 503 1410 postquam
523 1371 697 1409 puerum
726 1352 972 1408 conspicati'.

381 1422 560 1461 Potuisse
605 1422 789 1462 Plautum
829 1421 948 1461 etiam
997 1422 1105 1461 visus
1138 1421 1353 1471 perfectum
1392 1422 1474 1461 sine
1511 1424 1569 1461 est

275 1497 418 1535 ponere
459 1488 625 1535 apparet
663 1497 709 1524 ex
745 1485 807 1524 his
845 1484 1047 1534 exemplis:
1090 1484 1167 1524 Cic.
1206 1486 1257 1523 ad
1285 1485 1368 1525 Att.
1397 1484 1566 1533 V111‚3,

279 1549 328 1587 14
353 1548 453 1599 fuya
489 1551 527 1587 et
564 1549 765 1587 maritima
803 1548 1077 1597 opportunitas
1103 1548 1189 1587 visa
1217 1549 1357 1598 quaeri
1384 1549 1566 1598 despera-

279 1612 381 1651 tione
392 1624 405 1658 ‚·
444 1610 536 1649 Hor.
576 1610 701 1660 Epist.
732 1611 781 1659 ΙΙ,
817 1611 853 1659 2,
896 1611 971 1650 100
1008 1611 1043 1649 si
1074 1610 1171 1660 plus
1205 1623 1415 1661 apposcere
1450 1612 1568 1658 visus,

274 1675 323 1724 fit
358 1674 623 1712 Mimnermus
663 1673 691 1720 Ι,
723 1675 756 1722 7,
787 1674 836 1712 73
875 1673 936 1712 hic
974 1674 1041 1712 ubi
1078 1686 1195 1723 saepe
1236 1674 1427 1713 occultum
1463 1676 1570 1713 visus

278 1737 487 1777 decurrere
510 1737 636 1787 piscis
656 1737 711 1776 ad
736 1737 919 1785 hamum;
948 1736 1060 1776 Ovid.
1082 1736 1161 1776 fast
1189 1737 1254 1785 VI,
1283 1737 1360 1777 644
1387 1737 1457 1777 sed
1475 1738 1571 1788 quia

279 1801 445 1840 luxuria
471 1801 556 1838 visa
584 1812 723 1839 nocere
752 1813 828 1839 sua
838 1813 852 1847 ‚·
880 1800 995 1848 Prop.
1024 1800 1073 1847 ΙΙ,
1102 1801 1164 1847 29,
1194 1801 1245 1840 25
1271 1813 1351 1839 non
1377 1801 1450 1840 illa
1476 1801 1571 1839 mihi

276 1863 485 1914 formosior
504 1875 690 1913 unquam.
719 1864 805 1902 visa
823 1876 948 1913 neque
968 1864 1120 1903 ostrina
1140 1876 1226 1903 cum
1242 1864 1324 1914 fuit
1341 1864 1386 1903 in
1414 1864 1571 1911 tunica,·

279 1949 341 1973 —,
369 1926 419 1964 29
463 1926 554 1965 talis
594 1927 679 1965 visa
705 1926 800 1965 mihi
837 1939 969 1965 somno
1006 1927 1168 1966 dimissa
1195 1928 1365 1974 recenti;
1405 1927 1572 1975 denique

282 1988 449 2027 Ennium
479 1988 617 2026 Annal.
648 2001 682 2027 v.
711 1989 763 2027 40
791 1988 899 2027 Nam
938 2002 998 2027 me
1024 1990 1131 2027 visus
1168 1988 1276 2027 homo
1309 1989 1476 2038 pulcher
1497 2002 1573 2038 per

283 2064 449 2091 amoena
476 2051 620 2090 salicta
638 2051 696 2090 Et
721 2052 834 2101 ripas
860 2054 1025 2101 raptare
1053 2052 1230 2102 locosque
1256 2064 1383 2091 novos.

393 2115 443 2153 Et
470 2114 576 2163 apud
605 2114 786 2153 Plautum
816 2115 902 2154 visa
937 2115 1019 2153 sine
1048 2118 1105 2153 est
1139 2115 1334 2154 invenitur
1362 2116 1573 2154 secundum

284 2178 405 2218 libros
434 2177 516 2216 Mil.
547 2189 581 2216 v.
611 2177 700 2226 383,
743 2177 807 2217 ubi
838 2178 869 2216 B
896 2178 1034 2217 habet:
1077 2177 1169 2217 Hac
1205 2181 1315 2217 nocte
1352 2179 1394 2218 in
1430 2180 1575 2218 somnis

286 2255 372 2280 mea
417 2253 527 2279 soror
569 2241 724 2291 yemina
760 2254 949 2292 qermana
997 2242 1082 2280 visa
1125 2241 1282 2281 Venisse
1319 2242 1487 2282 Athenis
1531 2244 1576 2282 in

287 2304 513 2354 Ephesum;
555 2304 584 2343 G
611 2305 767 2354 qemina
797 2308 855 2352 et;
888 2309 1006 2353 atque
1034 2305 1066 2342 si
1096 2305 1191 2344 illud
1220 2309 1256 2344 et
1283 2308 1430 2344 rectum
1460 2310 1576 2355 esset,

290 2368 512 2407 dubitarem
553 2367 602 2405 de
630 2367 833 2406 Ritscholii
864 2367 1132 2405 emendatione
1158 2369 1362 2417 qeminast,
1391 2369 1577 2408 sedeon-

289 2429 450 2470 ferenda
486 2434 576 2469 sunt
605 2431 705 2470 Men.
738 2442 770 2470 v,
798 2430 878 2469 230
913 2429 1099 2469 Fratrem
1140 2431 1357 2480 quaesitum
1383 2432 1579 2482 qeminum

289 2506 518 2544 yermanum
554 2507 679 2533 meum
717 2494 818 2532 unde
856 2493 950 2543 prol.
981 2505 1014 2532 v.
1044 2493 1112 2532 71:
1153 2494 1274 2533 Hunc
1315 2496 1578 2544 quaeritatum
