1776 2893
845 670 1007 714 vita:

392 785 510 821 Natus
550 798 617 830 ego
659 798 738 821 sum
767 785 1022 822 waldemarus
1052 786 1164 821 Olsen
1191 785 1501 831 Ruegenwaldiae
1539 786 1578 821 in

284 847 419 895 oppido
457 847 697 884 Pomeraniae
737 860 768 883 a.
806 848 840 882 d.
879 847 938 882 XI
966 847 1049 882 Kal.
1079 848 1225 883 Octobr.
1264 861 1295 883 a.
1337 851 1436 883 1860
1475 851 1580 895 patre

283 923 370 946 usus
398 912 591 956 Augusto,
634 909 697 958 qui
737 909 885 957 quidem
922 909 995 944 iam
1030 909 1149 957 primo
1185 909 1317 946 aetatis
1353 922 1456 946 meae
1485 924 1579 946 anno

285 985 497 1019 supremum
537 972 635 1007 diem
663 972 766 1007 obiit.
822 971 951 1007 Fidem
979 972 1156 1019 profiteor
1184 972 1446 1017 evangelicam.
1502 972 1580 1008 Lit-

283 1038 446 1070 terarum
484 1034 677 1071 elementis
719 1034 757 1069 in
796 1034 939 1081 patriae
977 1034 1080 1071 urbis
1119 1036 1244 1070 schola
1271 1034 1434 1070 imbutus
1462 1038 1579 1070 trans-

282 1096 443 1143 migravi
483 1097 522 1133 in
564 1097 796 1145 gymnasium
833 1097 1114 1141 Cussalinense,
1166 1098 1265 1145 quod
1307 1101 1386 1133 tum
1425 1098 1582 1134 florebat

282 1159 434 1196 Pitenni
463 1159 659 1208 auspiciis,
700 1171 799 1196 nunc
826 1158 965 1196 Sorofio
1007 1163 1160 1196 rectore.
1215 1160 1321 1197 Unde
1356 1160 1582 1197 maturitatis

283 1223 382 1271 quod
409 1222 539 1259 dicunt
564 1221 777 1258 testimonio
805 1222 1008 1259 instructus
1036 1234 1162 1259 mense
1183 1222 1302 1271 Apriii
1331 1236 1362 1259 a.
1397 1226 1493 1259 1880
1522 1235 1580 1260 me

283 1285 424 1322 contuli
458 1284 692 1330 Berolinum,
733 1288 777 1322 ut
814 1284 854 1321 in
891 1284 958 1321 illa
996 1284 1240 1322 universitate
1280 1284 1463 1322 litteraria
1504 1288 1579 1322 stu-

283 1348 355 1385 diis
392 1362 450 1385 me
487 1350 660 1385 deflerem
704 1348 951 1395 philologieis.
1007 1350 1131 1397 Atque
1173 1348 1301 1385 audivi
1329 1361 1396 1395 per
1423 1352 1582 1397 quatuor

283 1411 477 1447 semestris
502 1411 726 1448 disserentes
754 1424 817 1448 vv.
845 1411 903 1446 dd.
934 1410 1122 1455 Curtium,
1157 1410 1419 1455 Huebnerum,
1447 1410 1581 1447 Kirch-

281 1473 448 1518 hoffium,
477 1474 811 1518 Muellenhoffium‚
840 1473 1088 1517 Paulsenium‚
1116 1472 1401 1518 Treitschkium‚
1429 1474 1581 1510 Schere-

282 1548 376 1580 rum,
411 1536 632 1581 Vahlenum,
661 1536 998 1580 wattenbachium‚
1026 1536 1221 1572 Zellerum.
1277 1535 1370 1571 Tum
1400 1535 1581 1583 Gryphjs-

283 1598 456 1636 waldiam
499 1599 676 1646 migravi,
726 1599 791 1635 ubi
837 1612 896 1635 me
936 1599 1142 1635 docuerunt
1186 1611 1248 1636 vv.
1287 1599 1344 1634 dd.
1381 1598 1580 1645 ffiessling,

282 1661 572 1707 Reifferscheid,
610 1663 802 1711 Sohuppe,
832 1662 991 1698 Ulmann
1004 1689 1013 1706 ,
1041 1662 1086 1697 de
1114 1661 1383 1707 Wilamowitz‚
1409 1662 1581 1699 Zimmer.

283 1725 332 1761 Et
351 1724 461 1762 licuit
487 1725 581 1761 mihi
601 1725 783 1762 interesse
812 1724 1047 1760 aristotelicis
1070 1723 1285 1760 Susemihlii
1305 1725 1580 1761 exercitationi-

282 1789 362 1824 bus.
417 1788 607 1834 Kiessling
631 1801 721 1825 vero
751 1791 788 1823 et
812 1786 1058 1824 Wilamowitz
1087 1799 1145 1822 me
1165 1790 1387 1834 receperunt
1412 1787 1452 1823 in
1473 1787 1580 1823 semi-

282 1849 428 1886 narium
455 1850 744 1898 philologicum,
787 1849 890 1885 cuius
927 1849 1061 1885 sodalis
1098 1848 1153 1884 fui
1181 1848 1388 1885 ordinarius
1414 1862 1482 1898 per
1507 1851 1579 1886 duo

284 1912 487 1957 semestris,
517 1916 555 1949 et
577 1912 847 1949 Reifferscheid
873 1912 966 1948 mihi
995 1911 1185 1956 concessit,
1213 1914 1256 1947 ut
1283 1912 1471 1948 seminarii
1500 1925 1580 1958 ger-

282 1974 419 2011 manici
446 1975 582 2011 sodalis
611 1987 729 2011 essem
756 1974 963 2011 ordinarius
990 1974 1081 2011 item
1110 1974 1167 2010 bis
1196 1986 1262 2011 sex
1288 1987 1443 2012 menses.

391 2036 535 2077 Quibus
562 2038 655 2075 viris
684 2037 821 2086 optime
849 2039 893 2075 de
922 2051 979 2074 me
1007 2037 1150 2074 meritis
1178 2037 1359 2083 omnibus,
1396 2038 1579 2087 imprimis

283 2113 372 2138 vero
400 2101 639 2148 Kiesslingio‚
669 2101 966 2146 Wilemowitzio,
995 2101 1311 2147 Reifferscheidio,
1347 2101 1411 2150 qui
1439 2114 1581 2138 summa

284 2177 366 2201 cum
388 2164 650 2201 benevolentia.
677 2177 735 2200 me
756 2164 931 2202 adiuvare
959 2168 1069 2213 atque
1093 2177 1227 2211 augere
1246 2177 1434 2213 nunquam
1462 2164 1579 2201 desie-

282 2230 381 2271 runt,
410 2226 549 2272 gratias
579 2239 645 2272 ago
675 2238 783 2274 quam
811 2240 959 2274 possum
988 2240 1035 2264 ex
1064 2227 1186 2263 animo
1214 2227 1403 2263 maximas.
