1776 2893
702 178 961 217 -61-

191 281 351 322 tolerari
378 284 522 332 potest,
550 281 678 331 quoad
697 281 837 320 melius
863 281 1078 320 remedium
1102 282 1335 331 inveniatur,
1362 284 1475 322 dum-

192 344 306 384 modo
334 356 383 384 ne
408 356 495 384 sum
521 344 716 383 inseratur
738 343 842 393 quod
872 342 1029 382 verbum
1050 344 1183 383 deesse
1208 343 1348 383 debere
1365 345 1475 394 mihi,

191 407 266 447 nisi
280 406 410 447 omnia
425 417 486 445 me
498 405 654 454 fallunt,
670 405 899 446 documento
913 409 974 446 est
987 405 1254 446 coniunctivus
1263 407 1476 456 postulem:

192 481 281 509 nam
309 470 343 508 si
360 482 446 508 sum
464 469 674 516 antecedit,
700 470 877 519 sequitur
895 469 1132 509 indicativus
1159 472 1203 507 ut
1223 469 1323 509 Men.
1349 481 1382 508 V.
1399 470 1476 510 892

192 531 272 571 Sed
298 544 365 582 eqo
391 532 536 571 stultus
552 544 639 571 sum
667 532 736 581 qui
753 531 862 571 ilbius
880 544 961 571 esse
982 532 1079 570 dico.
1134 530 1240 570 Pers.
1267 543 1302 570 v.
1324 532 1374 571 75
1402 532 1480 571 Sed

190 607 328 634 sumne
357 607 424 646 eqo
450 595 605 643 stultus,
634 595 703 645 qui
729 608 810 635 rem
838 607 931 635 curo
951 594 1155 645 publicam
1207 594 1313 634 Pers.
1342 605 1376 634 v.
1400 595 1479 635 474

191 656 338 697 Sumne
354 657 502 707 probus
524 670 611 697 sum
631 658 786 708 lepidus
810 658 905 697 civis
927 658 996 708 qui
1016 680 1068 685 ——
1085 657 1165 707 feci
1206 657 1307 696 Rud.
1327 668 1361 695 v,
1379 658 1481 698 1184

192 719 339 760 Sumne
358 733 425 772 eqo
443 721 588 761 stultus
606 721 675 771 qui
699 721 825 761 illunc
843 721 979 771 excepi
995 720 1184 768 vidulum,
1211 720 1480 761 coniunctivus

190 788 321 823 autem
342 784 539 823 invenitur
556 784 589 822 si
612 797 698 823 sum
725 784 763 823 in
783 785 987 824 enuntiato
1012 783 1201 833 primario
1220 783 1342 832 deest,
1372 783 1480 822 velut

192 846 274 887 Mil.
302 859 337 887 v.
358 847 436 887 443
469 846 594 887 Immo
621 850 771 887 ecastor
806 847 930 888 stulta
966 847 1150 895 multum,
1178 860 1279 897 quae
1310 846 1479 897 fabuler,

191 910 240 948 de
277 921 352 959 quo
380 921 512 960 supra.
568 910 644 950 Cic.
673 911 721 949 ad
754 912 835 950 Att.
862 911 930 960 IV,
961 912 1021 958 15,
1050 911 1074 949 6
1102 923 1170 961 eqo
1194 911 1373 959 ineptus,
1411 911 1480 960 qui

193 973 427 1023 scripserim.
481 973 576 1012 Hor.
600 973 682 1013 Sat.
704 973 757 1022 II,
784 974 823 1024 3,
847 973 926 1013 236
952 974 1082 1025 segnis
1100 985 1167 1025 eqo
1183 973 1383 1025 indiguus
1412 974 1481 1024 qui

191 1038 345 1075 tautum
364 1037 601 1086 possideam.
657 1037 793 1085 Itaque
811 1037 885 1076 hac
904 1048 1057 1087 quoque
1076 1048 1195 1076 causa
1213 1036 1478 1085 prohibemur,

189 1099 393 1148 quominus
419 1113 507 1139 sum
533 1099 589 1139 illi
616 1110 751 1139 versus
778 1099 1045 1140 obtrudamus.
1086 1112 1173 1139 swm
1191 1099 1376 1139 omissum
1400 1104 1472 1150 est,

194 1162 228 1201 si
255 1163 350 1212 quid
377 1163 502 1210 video,
530 1163 647 1202 etiam

294 1224 394 1265 Rud.
422 1237 457 1264 v.
479 1224 558 1265 520
583 1225 711 1273 Eheu,
740 1226 828 1276 quis
858 1225 955 1264 vivit
979 1237 1037 1264 me
1064 1224 1243 1264 mortalis
1268 1225 1477 1265 miserior?

293 1288 381 1339 qu
406 1288 528 1327 multo
555 1291 666 1327 tauto
692 1289 880 1335 miserior,
909 1300 1027 1336 quam
1055 1290 1108 1334 tu,
1135 1287 1311 1335 Labrax,

297 1349 403 1400 Qui?
454 1351 556 1401 Quia
584 1363 650 1403 eyo
676 1351 865 1402 iudiyuus
891 1363 996 1397 sum,
1035 1352 1078 1389 tu
1105 1349 1265 1401 dianus,
1304 1351 1373 1401 qui
1399 1352 1476 1391 sies

190 1425 352 1463 quorum
382 1414 419 1453 in
448 1414 576 1454 altero
603 1425 718 1453 versu
746 1426 831 1453 sum
868 1424 953 1453 esse
982 1412 1244 1463 supplendum
1273 1425 1346 1453 non
1375 1416 1472 1462 vivo,

187 1480 356 1526 apparet
384 1487 430 1515 ex
457 1475 585 1516 verbis
615 1477 701 1532 ‘qui
727 1472 833 1516 sies'.

293 1539 426 1581 Etiam
454 1540 493 1580 in
514 1539 700 1591 perfectis
727 1540 870 1591 passivi
900 1543 941 1579 et
971 1540 1201 1590 deponentis
1228 1541 1473 1591 saepiuscule

191 1598 311 1658 ‘sum‘
341 1604 539 1643 omittitur

293 1665 435 1717 Amph.
464 1679 499 1707 v.
519 1665 595 1707 957
632 1679 687 1706 au
712 1666 758 1706 id
781 1666 866 1706 ioco
893 1665 1058 1706 dixisti?
1094 1666 1270 1716 equidem
1296 1667 1398 1707 serio
1426 1680 1474 1707 ac

188 1742 279 1768 vero
291 1733 417 1769 ratus.
445 1730 550 1780 quod
564 1729 780 1780 exemplum
795 1729 975 1778 quoniam
992 1730 1181 1769 intactum
1198 1734 1256 1768 est
1271 1730 1323 1779 (ν.
1339 1741 1376 1778 p.
1393 1730 1472 1779 18),

188 1791 333 1832 nimine
360 1805 446 1832 sum
473 1792 775 1832 desiderandum
802 1795 881 1832 est:

291 1855 398 1895 Asin.
422 1866 455 1894 V.
470 1856 547 1896 856
575 1859 613 1895 et
633 1855 794 1895 scelesta
815 1868 883 1906 eyo
897 1858 1061 1905 praeter
1086 1856 1185 1896 alios
1202 1868 1328 1895 meum
1344 1857 1472 1896 virum

185 1917 297 1969 frugi
321 1920 426 1966 rata,

294 1980 461 2030 Siccum,
482 1982 604 2033 fruyi,
626 1982 895 2031 continentem,
912 1985 1108 2022 amantem
1125 1983 1263 2022 uxoris
1282 1995 1474 2031 maxume,

295 2043 371 2091 Qui
405 2044 510 2085 locus
547 2057 616 2085 nos
643 2044 823 2092 offendit,
859 2045 951 2096 quia
978 2045 1038 2085 bis
1071 2046 1183 2098 fruyi
1217 2046 1386 2096 positum
1414 2050 1473 2085 est

189 2107 405 2148 alteroutro
442 2108 524 2148 loco
561 2107 659 2149 falso
695 2108 903 2157 insertum,
946 2109 1015 2149 sed
1051 2109 1167 2149 utro?
1220 2109 1363 2149 Omnes
1398 2109 1473 2149 viri

191 2171 295 2211 docti
324 2172 570 2212 consentiunt
595 2172 726 2220 priore
752 2172 837 2212 loco
870 2173 983 2223 fruyi
1009 2172 1217 2211 delendum
1245 2184 1343 2223 esse,
1380 2173 1473 2223 quia

190 2234 315 2274 altero
342 2233 425 2274 loco
452 2234 598 2284 optime
625 2234 743 2275 nihili
768 2235 886 2275 verbo
914 2235 1123 2286 opponitur
1148 2239 1188 2275 et
1214 2236 1306 2285 quia
1325 2235 1472 2275 Nonius

189 2308 340 2348 quoque
371 2297 426 2337 ibi
453 2297 583 2338 habet.
638 2298 690 2338 Et
718 2298 793 2338 nisi
820 2310 868 2337 ex
895 2309 929 2336 v.
950 2300 1024 2338 861
1054 2298 1141 2350 Eyo
1169 2312 1318 2349 quoque
1347 2299 1471 2338 hercle

187 2360 300 2400 illum
330 2361 496 2400 antehac
523 2360 713 2401 hominem
739 2373 889 2410 semper
913 2373 1001 2400 sum
1031 2362 1143 2413 fruyi
1168 2364 1282 2400 ratus
1320 2360 1473 2399 conclu-

190 2423 360 2465 dendum
396 2428 478 2473 est,
514 2424 626 2476 fruyi
662 2424 781 2464 etiam
817 2436 851 2463 vt
877 2423 954 2463 856
982 2424 1152 2474 positum
1179 2435 1264 2464 esse
1291 2435 1315 2463 a
1341 2427 1472 2473 poeta,

190 2485 378 2527 habemus
414 2486 558 2527 fontem
595 2499 641 2526 ex
676 2498 752 2537 quo
791 2487 971 2526 mendum
1010 2486 1131 2528 fluxit.
1185 2487 1342 2537 Ussing.
1380 2499 1472 2539 pro-
