1776 2893
706 196 968 235 ‚31-

194 298 270 338 viri
295 300 421 348 docti,
457 311 558 351 quae
584 303 646 340 est
673 311 721 340 ea
747 300 988 348 constantia,
1026 311 1105 349 qua
1131 302 1284 339 mutent
1310 299 1379 339 illo
1405 299 1479 339 cir-

193 361 281 401 culo
307 361 406 402 haec
429 362 660 412 exempla?:

297 424 417 465 Bach.
445 437 481 465 v.
499 426 551 465 93
582 425 693 464 Tuus
710 437 807 472 sum,
836 425 905 464 tibi
935 424 1033 463 dedo
1052 435 1212 472 operam
1238 435 1265 462 :z
1293 424 1481 474 Lepidus,

191 498 299 526 nuuc
334 500 402 539 eyo
442 488 577 538 facere
612 490 648 526 te
683 486 754 526 hoc
789 487 896 526 volo:
943 486 989 525 R.
1025 486 1208 535 lepidu's‚
1254 486 1322 534 qui
1361 487 1480 525 verba

193 549 402 589 secundum
445 550 476 589 G
515 549 685 590 codicem
723 548 883 597 scribit,
920 548 954 588 B
989 552 1119 587 autem
1164 548 1285 588 habet
1328 548 1482 598 lepidus

192 676 301 704 nuuc
316 624 367 660 68,
395 664 431 704 D
459 664 615 715 lepidus
638 623 678 651 es
702 676 821 712 nunc,
848 663 915 703 ubi
934 677 974 703 es
991 663 1171 703 additum
1190 666 1253 703 est
1271 664 1320 704 ab
1339 664 1484 714 aliquo,

194 727 262 775 qui
300 728 462 777 ignarus
497 729 600 765 esset
626 726 743 766 huius
778 737 872 766 usus
898 726 1055 776 linguae
1082 726 1269 776 Latinae,
1303 731 1345 766 et
1372 730 1417 766 ut
1443 727 1483 766 in

175 789 229 829 ‘B
257 790 471 831 collocatur
498 789 682 839 verbum,
719 789 954 829 adversatur
989 789 1129 830 versui.
1183 789 1259 831 Hic
1298 801 1368 830 nos
1408 790 1485 829 De-

166 858 173 863 “
194 856 391 892 curtatum
419 852 530 902 sequi
557 853 701 892 debere
727 855 894 901 apparet
920 852 1041 891 etiam
1067 864 1114 891 ex
1140 853 1220 891 his:

297 914 415 956 Poen.
444 925 478 955 v.
506 913 587 955 904
616 914 719 955 nihil
745 917 803 955 est
827 914 909 955 wisi
935 914 1029 955 dum
1064 915 1165 955 calet
1189 914 1260 955 hoc
1285 916 1429 968 ayitur.
1457 929 1485 956 ::

193 978 383 1028 Lepidus,
414 990 502 1018 cum
526 990 668 1017 mones.

298 1040 439 1081 Pseud.
466 1052 503 1080 v.
530 1040 608 1079 249
645 1040 778 1081 Nimis
813 1040 976 1091 superbe
1012 1052 1042 1080 ::
1078 1040 1211 1081 Nimis
1245 1042 1428 1082 molestus
1454 1055 1483 1082 1:

193 1104 460 1155 Reprehende.

297 1167 413 1217 Epid.
440 1180 476 1209 v,
504 1168 580 1209 551
628 1167 704 1209 Ubi
741 1170 776 1207 te
802 1167 987 1208 visitavi?
1014 1180 1042 1207 z:
1070 1168 1215 1219 Inique
1249 1170 1425 1210 iniurius
1453 1183 1483 1210 ::

199 1231 305 1280 Quid
329 1231 439 1270 iam?
842 1236 847 1242 ·

302 1293 384 1332 Mil.
412 1305 448 1332 v.
485 1294 561 1334 948
589 1315 639 1320 -
666 1293 736 1332 sed
774 1305 824 1332 ue
862 1295 901 1332 et
941 1293 1059 1332 istam
1093 1294 1272 1333 amittam
1317 1298 1355 1333 et
1388 1295 1484 1334 haec

195 1359 318 1395 mutet
339 1357 467 1406 fidem.
508 1356 604 1396 Vide
622 1357 744 1395 modo.
773 1367 799 1394 ::
836 1355 921 1395 Vah
948 1356 1160 1405 delicatus;
1188 1370 1289 1407 quae
1319 1361 1355 1397 te
1386 1361 1485 1397 tam-

196 1432 315 1469 quam
347 1419 477 1459 oculos
503 1422 614 1459 amet.

302 1482 414 1522 Most.
444 1494 479 1522 v.
507 1482 585 1522 946
621 1481 763 1530 Puere,
789 1481 956 1521 uimiwm
981 1482 1185 1522 delicatus.

300 1545 407 1584 Pers.
436 1556 472 1583 V.
499 1545 577 1584 220
604 1545 766 1584 Mala’s.
794 1557 824 1583 :2
853 1543 1058 1584 Scelestus.
1090 1558 1117 1584 z:
1145 1544 1270 1584 Decet
1295 1559 1365 1585 me.

301 1607 403 1648 Men.
431 1619 466 1647 v.
493 1607 567 1647 921
609 1607 715 1657 Quid
740 1619 808 1659 eyo
835 1606 950 1647 dimi?
986 1620 1013 1647 z:
1042 1607 1238 1656 Insanus,
1265 1609 1429 1659 iuquam
1457 1621 1484 1648 :z

196 1671 364 1721 qune?
391 1682 418 1709 :z
450 1671 512 1710 Tu
537 1671 638 1710 istic.

303 1744 468 1782 sequens
494 1732 751 1783 interrogatio
778 1732 926 1785 eyoue?
963 1731 1132 1774 fortasse
1158 1733 1332 1774 indicare
1358 1737 1492 1784 potest

198 1808 273 1836 non
301 1797 451 1836 dietum
479 1807 564 1836 esse
591 1799 709 1836 antea
734 1797 905 1836 insanus
932 1809 983 1835 es.

302 1858 534 1899 Rectissime
570 1869 613 1898 se
640 1859 760 1898 habet
787 1859 900 1899 Truc.
928 1871 964 1898 v.
993 1859 1070 1897 746
1105 1858 1272 1899 Stultus.
1327 1859 1491 1898 Schoell.

199 1926 331 1961 autem
360 1922 516 1962 stultu's
542 1921 683 1961 scribit
718 1925 944 1971 comparato
973 1933 1087 1960 versu
1117 1922 1212 1962 730:
1254 1921 1411 1962 Stultus
1438 1936 1490 1970 es,

201 1985 270 2034 qui
293 1984 408 2033 facta
425 1984 575 2034 infecta
584 1984 719 2033 facere
745 1984 871 2024 verbis
891 1984 1080 2033 postules,
1108 1984 1175 2034 qui
1202 1985 1362 2024 minime
1388 1995 1490 2025 com-

200 2047 336 2096 parari
355 2046 484 2094 debet,
512 2058 601 2086 nam
630 2046 694 2086 hic
721 2047 880 2097 quidem
908 2060 948 2086 es
975 2047 1150 2087 traditur
1178 2058 1302 2096 neque
1329 2051 1491 2097 propter

200 2121 356 2150 versum
385 2110 519 2150 deesse
545 2113 697 2160 potest;
733 2110 873 2150 deinde
900 2109 966 2149 hic
994 2121 1068 2149 non
1097 2110 1288 2151 habemus
1316 2111 1492 2151 breviter

201 2172 350 2213 dictum
389 2173 516 2213 simile
562 2172 846 2213 exclamationi.
913 2172 1095 2213 Potuisse
1137 2177 1269 2213 autem
1307 2172 1491 2214 Plautum

201 2246 317 2274 versu
335 2235 451 2274 aliter
478 2235 645 2275 formato
663 2235 833 2276 scribere
850 2236 1006 2283 stultus,
1035 2236 1104 2285 qui
1124 2236 1301 2285 postules
1326 2239 1492 2285 apparet

201 2297 367 2336 maxime
394 2309 442 2337 ex

307 2359 417 2399 Adel.
432 2371 468 2400 V.
482 2361 561 2401 852
588 2360 788 2400 Derides?
806 2360 1069 2408 Fortunatus,
1089 2361 1159 2411 qui
1170 2361 1245 2400 isto
1259 2362 1390 2400 animo
1403 2361 1490 2400 sies.

309 2422 373 2462 Sic
410 2423 512 2462 enim
539 2423 577 2462 A
602 2423 723 2462 habet
760 2433 846 2462 cum
887 2423 990 2472 rell.‚
1031 2426 1072 2462 et
1099 2423 1140 2462 id
1168 2424 1338 2463 retinent
1364 2423 1491 2463 Bentl.

203 2486 242 2522 et
262 2484 488 2534 Umpfenb.;
516 2485 705 2525 Fleckeis.
731 2488 863 2524 autem
882 2486 1020 2525 scribit
1046 2487 1144 2535 -u’s;
1172 2485 1350 2535 Spengel.
1378 2486 1492 2527 dubi-
