1776 2893
766 110 1008 176 .—2-

350 241 503 280 Deinde
541 252 611 279 cur
648 241 882 290 denegemus
928 241 1140 291 singularis
1176 243 1326 282 numeri
1361 244 1540 292 personis

249 305 443 343 secundae
471 308 510 344 et
538 305 701 353 tertiae,
737 305 841 355 quod
869 305 1008 344 ceteris
1044 306 1254 345 concedere
1280 306 1464 347 debemus
1502 311 1542 347 et

247 367 308 407 his
338 379 493 417 quoque
529 368 620 406 libri
658 368 903 407 concedunt?
957 368 1062 415 Quid
1100 369 1258 408 tandem
1293 370 1437 409 habent
1473 382 1540 420 pe-

247 430 421 470 culiare‘?

353 493 511 534 Nullam
551 497 683 534 autem
712 495 790 534 vim
831 495 976 535 habere
1002 498 1072 535 aut
1098 498 1231 546 potest
1259 500 1329 536 aut
1356 497 1472 537 debet
1498 498 1539 537 id

245 561 531 606 argumentum,
569 569 646 607 quo
674 558 737 596 usi
756 559 892 597 dicunt
915 559 989 596 viri
1017 559 1081 596 dd.
1129 560 1323 598 secundae
1349 572 1540 609 personae

248 620 427 670 exempla
463 621 632 660 omissae
658 633 851 671 nusquam
879 621 1077 672 negotium
1115 620 1307 662 facessere
1333 625 1540 673 quominus

245 687 460 732 mutentur,
499 684 568 722 illa
595 684 738 722 tertiae
765 696 956 733 personae
982 696 1106 734 paene
1132 697 1345 735 nusquam,
1364 697 1451 725 cum
1479 698 1540 726 ce-

245 750 355 787 terae
381 759 573 797 personae
599 747 830 797 plerumque
856 748 933 787 nisi
961 759 1048 788 cum
1085 748 1228 788 damno
1255 760 1392 788 versus
1419 749 1539 789 inseri

242 822 320 849 non
347 811 510 860 possint.
566 812 752 849 Attamen
780 823 872 849 vero
901 812 994 861 quia
1021 812 1204 860 remedia,
1232 824 1333 862 quae
1359 812 1538 852 Ritsche-

242 873 320 914 lius
359 873 542 914 adhibuit
579 874 631 913 ad
666 873 772 913 locos
809 875 1039 915 resistentes
1075 876 1303 924 mutandos,
1340 875 1540 916 lenissima

243 941 348 986 sunt,
376 938 424 977 ob
447 950 532 977 eam
561 937 810 987 potissimum
835 949 994 977 causam
1023 942 1103 977 tam
1132 938 1267 978 multis
1288 939 1383 990 viris
1412 939 1538 978 doctis

245 1001 479 1050 placuerunt
506 1001 583 1049 ita,
622 1004 668 1039 ut
705 1001 744 1039 in
771 1001 820 1039 iis
857 1001 1158 1050 acquiescerent.
1212 1001 1314 1040 Nam
1348 1005 1393 1040 ut
1420 1002 1539 1040 tertia

244 1075 415 1112 persona
438 1064 570 1102 versui
598 1064 877 1111 immisceatur,
905 1074 1063 1102 necesse
1091 1066 1152 1102 est
1179 1064 1374 1103 scribatur
1401 1067 1486 1103 -ust
1501 1065 1537 1114 ¹)

241 1138 314 1175 pro
343 1139 410 1165 -us
437 1126 499 1165 vel
523 1126 721 1165 addantur
748 1125 873 1165 vocali
901 1124 1010 1165 finali
1036 1129 1073 1165 st
1097 1126 1265 1165 litterae.
1320 1127 1379 1166 Ne
1406 1129 1538 1166 autem

242 1201 282 1228 es
314 1188 474 1228 verbum
504 1190 763 1239 desideretur,
790 1189 836 1228 R.
875 1189 1035 1239 scripsit
1074 1189 1203 1238 exigui
1245 1189 1380 1228 circuli
1407 1190 1536 1229 adjec÷

240 1251 348 1290 tione
374 1253 463 1299 -u's‚
492 1253 558 1291 -i⁷s
585 1257 743 1292 secutus
771 1252 1005 1299 Bentleium,
1033 1252 1101 1301 qui
1128 1252 1180 1290 ad
1201 1252 1374 1290 Andriae
1403 1264 1437 1291 v.
1466 1252 1538 1300 III,

239 1314 278 1363 5,
309 1315 358 1354 15
385 1316 483 1365 quid
508 1316 702 1356 meritus?
736 1314 900 1355 Crucem
920 1315 1105 1354 adnotat:
1133 1314 1177 1353 in
1204 1316 1349 1354 nostris
1368 1315 1538 1355 meliori-

239 1378 310 1417 bus
338 1378 445 1418 deest
472 1373 543 1434 ‘esst
585 1373 776 1435 ‘meritu’s'
806 1381 937 1418 autem
963 1378 1219 1425 scribendum,
1258 1381 1304 1417 ut
1333 1373 1534 1433 ‘meritust'

235 1453 315 1490 pro
353 1442 530 1496 (meritus
559 1437 651 1490 est'3
688 1441 734 1481 cf.
764 1442 816 1480 ad
843 1441 963 1480 Andr.
995 1440 1066 1488 III,
1107 1440 1143 1488 2,
1183 1441 1230 1479 16
1259 1444 1299 1479 et
1327 1441 1377 1479 ad
1403 1441 1470 1489 IV,
1499 1441 1535 1489 2,

245 1505 305 1551 19,
340 1503 408 1542 ubi
446 1503 538 1542 libri
563 1505 681 1553 fortis
709 1505 892 1543 tradunt:
933 1516 980 1542 ex
1009 1503 1338 1552 pronuntiatione
1364 1504 1538 1543 sciebant

245 1560 415 1622 forti’s’,
450 1569 497 1606 ut
523 1567 681 1622 pristis,
720 1560 886 1605 veritu’s’
919 1565 1103 1605 coalitum
1131 1578 1211 1604 esse
1239 1577 1287 1604 ex
1317 1565 1447 1619 fortis
1475 1561 1535 1605 es'.

346 1630 400 1668 Hi
428 1630 552 1679 igitur
578 1630 653 1668 viri
689 1630 796 1668 docti
835 1629 1079 1668 arbitrantur
1117 1631 1202 1667 -ust
1227 1639 1274 1667 ex
1301 1640 1368 1667 -us
1394 1631 1453 1667 est
1479 1629 1537 1667 ita

241 1695 372 1731 ortum
390 1703 487 1740 esse,
515 1695 560 1731 ut
587 1705 606 1731 s
632 1692 768 1731 littera
795 1690 903 1730 finali
926 1691 1080 1730 abiecta
1106 1703 1179 1740 pro
1200 1704 1246 1729 -u
1273 1693 1331 1729 est
1347 1690 1534 1730 scribere-

243 1758 309 1794 tur
337 1757 429 1794 -ust.
482 1754 557 1794 Illa
596 1758 727 1795 autem
754 1768 774 1795 s
800 1755 936 1794 littera
963 1752 1091 1793 finalis
1120 1756 1273 1792 tantum
1300 1754 1417 1792 modo
1445 1757 1537 1793 ante

243 1821 517 1857 consonantem
564 1817 664 1857 abici
701 1817 823 1866 solet,
870 1817 976 1867 quod
1017 1819 1176 1866 praeter
1222 1815 1321 1855 alios
1363 1819 1536 1856 testatur

243 1880 393 1920 Marius
416 1880 569 1920 Plotius
588 1881 655 1930 VI,
683 1882 760 1920 448
780 1881 839 1919 Κ;
871 1874 917 1935 ts’
938 1893 1029 1919 vero
1049 1880 1181 1920 littera
1205 1879 1366 1919 eliditur
1385 1880 1471 1919 sola
1484 1880 1535 1930 ²),

241 1944 278 1983 si
304 1957 331 1983 a
360 1945 592 1983 consonanti
619 1945 790 1994 incipiat
816 1944 944 1983 altera
964 1956 1068 1993 pars
1096 1944 1297 1991 orationis,
1325 1946 1372 1982 ut
1386 1942 1535 1982 Luere-

242 2007 322 2046 tius
362 2020 420 2063 (ex
459 2007 671 2057 infantibu’
707 2002 869 2057 parvis‘.
898 2030 948 2033 —
977 2007 1081 2054 Quid
1118 2009 1250 2045 autem
1277 2004 1369 2054 fiat,
1407 2006 1442 2045 si
1479 2009 1536 2045 est

242 2074 281 2109 et
309 2083 349 2110 es
376 2074 597 2121 sequuntur
623 2084 642 2110 s
669 2069 852 2110 finalem?

347 2134 477 2183 Atque
518 2134 568 2173 de
606 2134 726 2173 tertia
759 2145 929 2182 persona
966 2133 1116 2172 Marius
1154 2132 1383 2171 Victorinus
1419 2144 1533 2182 prae-

330 2250 361 2287 1)
384 2250 421 2279 de
445 2259 504 2287 qua
527 2251 679 2287 scriptura
703 2250 739 2279 cf.
765 2251 995 2279 Lachmannum
1019 2248 1057 2277 ad
1081 2249 1194 2277 Lueret
1215 2249 1240 2285 1,
1264 2250 1333 2278 993.

328 2302 361 2341 2)
384 2312 462 2339 quae
485 2307 669 2339 sequuntur:
701 2312 765 2331 cum
798 2302 897 2331 vocali
916 2311 984 2330 vero
1001 2302 1193 2338 praecedente
1223 2307 1249 2331 et
1270 2302 1371 2331 iuncta
1386 2300 1468 2338 peric
1489 2295 1533 2343 ιε’,

243 2356 272 2385 si
292 2356 324 2385 in
345 2366 410 2385 eam
432 2355 563 2393 finiatur
580 2365 657 2392 pars
680 2356 824 2384 orationis
847 2360 873 2384 et
895 2364 1013 2391 sequens
1031 2364 1109 2391 pare
1131 2355 1276 2384 orationis
1297 2354 1422 2390 incipiat
1443 2363 1464 2381 a
1484 2363 1533 2382 vo·
1562 2349 1564 2351 ’

241 2409 303 2437 cali
323 2414 354 2437 ‘ut
382 2409 527 2446 Vergilius
558 2418 670 2451 ‘rursus
701 2409 731 2436 in
766 2418 878 2436 secessu
900 2409 986 2443 lonyo
1010 2407 1060 2435 sub
1081 2417 1155 2444 rupe
1175 2403 1303 2443 cavatd,
1336 2407 1374 2434 ad
1397 2410 1532 2435 nostram

242 2462 451 2500 quaestionem
475 2462 561 2494 nullo
584 2462 676 2489 modo
700 2461 854 2497 pertinere
877 2464 1014 2498 possunt.
