1776 2893
743 150 1006 189 -20-

225 257 364 298 inserit
391 258 445 298 sit
472 257 645 306 verbum,
685 256 780 306 quia
808 268 882 296 non
910 258 1056 305 potest,
1083 254 1117 294 is
1144 257 1283 295 caveat
1311 265 1358 294 ne
1386 255 1523 305 quoia-

227 321 289 359 tis
315 320 485 359 scribat:

332 383 446 424 Curc.
482 383 558 424 407
605 382 712 432 Quid
747 395 834 422 eum
859 394 970 421 nunc
998 380 1186 431 quaeris?
1224 384 1297 420 aut
1323 379 1524 431 quoiatis?

330 447 469 486 Ausus
507 446 629 496 igitur
670 444 887 495 perfectum
924 444 1008 483 sine
1036 443 1155 483 verbo
1183 442 1433 483 substantivo
1461 453 1523 481 re-

226 509 481 560 linquendum
509 512 568 548 est
595 519 720 558 neque
748 508 924 558 oportuit

332 572 474 611 Pacuv.
504 583 539 610 v.
566 572 643 610 327
682 570 897 622 Se'yreya'xre
924 569 994 608 abs
1032 572 1067 608 te
1094 570 1219 608 ausus
1247 572 1320 609 aut
1343 569 1430 608 sine
1454 568 1524 607 illo

233 634 485 675 Salaminam
509 633 695 684 inyredi?

333 697 472 748 Neque
505 700 721 747 paternum
754 700 957 747 aspectum
991 709 1031 735 es
1056 695 1233 735 veritus?
1272 693 1386 733 Ribb.
1427 693 1522 733 scri-

227 761 320 800 bere
348 773 494 807 ausus,
531 760 607 799 etsi
646 763 752 798 recte
792 759 983 798 intellexit
1021 773 1062 798 es
1096 770 1170 798 non
1208 756 1383 806 suppleri
1411 766 1525 805 posse

228 834 275 863 ex
320 822 499 872 sequenti
546 822 761 863 enuntiato.
815 822 961 862 Verum
1007 823 1075 872 qui
1113 821 1282 862 nondum
1326 818 1402 860 sibi
1436 831 1524 869 per—

227 887 354 926 suasit
402 886 441 925 in
491 884 564 924 tali
605 885 809 924 enuntiato
854 897 979 924 ausus
1020 884 1239 935 perfectum
1287 882 1370 923 sine
1416 895 1457 922 es
1501 894 1525 921 a

226 952 346 998 poeta
373 959 458 988 esse
486 948 690 997 scriptum,
718 948 751 986 is
778 947 819 986 id
847 947 992 996 credet,
1020 947 1053 986 si
1081 946 1287 992 audiverit,
1316 957 1391 996 quo
1411 945 1525 984 modo

229 1023 271 1051 se
299 1012 471 1051 habeant
508 1010 578 1049 illa
604 1010 801 1060 exempla,
838 1010 979 1059 quibus
1018 1023 1057 1049 es
1096 1010 1286 1049 traditum
1315 1012 1396 1057 est,
1433 1008 1526 1058 quia

232 1075 364 1114 versui
411 1077 472 1113 est
519 1074 793 1113 necessarium.
863 1073 962 1112 Sunt
1008 1076 1140 1112 autem
1183 1072 1435 1112 collocatione
1484 1084 1524 1110 es
1594 1088 1598 1091 ’

232 1149 356 1176 ausus
385 1136 567 1176 adhibita
586 1136 703 1175 haec:
733 1135 845 1185 Capt.
874 1149 910 1176 v.
940 1136 1016 1175 698
1051 1134 1133 1175 Gur
1160 1149 1200 1175 es
1228 1137 1352 1175 au‘sus
1369 1135 1528 1175 mentiri

228 1200 355 1239 mihi?
408 1199 491 1240 Mil.
522 1211 555 1239 v.
585 1200 688 1240 1402
744 1198 825 1239 Gur
862 1213 903 1239 es
941 1201 1065 1239 au'sus
1101 1199 1315 1250 subiyitare
1353 1199 1526 1238 alienam

228 1275 392 1302 umorem
418 1263 619 1313 inpudens
650 1285 696 1290 ——
725 1275 759 1301 v.
790 1262 892 1302 1405
923 1263 1088 1312 Quare's
1114 1262 1270 1302 ausus?
1298 1276 1346 1302 en
1371 1262 1440 1302 tibi
1466 1265 1526 1302 at—

230 1337 305 1375 que
333 1326 447 1365 True.
480 1327 558 1366 289
604 1327 709 1376 Quia
737 1327 793 1366 ad
821 1326 923 1376 foris
959 1328 1118 1365 nosbras
1158 1328 1372 1377 unquentis
1404 1328 1528 1365 uncta

231 1402 271 1428 es
304 1389 408 1427 ausa
435 1390 637 1437 accedere,
671 1389 739 1429 ubi
768 1403 808 1428 es
835 1390 886 1428 ad
916 1389 1069 1428 hiatum
1098 1389 1311 1429 tollendum
1338 1389 1430 1439 poni
1458 1389 1524 1428 de-

231 1452 329 1490 buit.
384 1451 498 1491 Truc.
536 1463 570 1491 v,
608 1452 683 1491 607
730 1452 836 1501 Quid
876 1452 948 1491 tu?
994 1465 1092 1501 quor
1130 1453 1263 1491 ausa's
1302 1452 1426 1491 alium
1465 1451 1528 1489 ted

231 1527 369 1553 amare
395 1513 465 1553 hoc
501 1514 653 1553 homine
697 1514 854 1552 dicere?
899 1514 966 1553 ubi
1001 1515 1036 1552 si
1073 1528 1113 1553 es
1150 1519 1242 1553 ante
1278 1514 1527 1563 participium

231 1576 403 1626 positum
448 1580 573 1625 esset,
628 1590 731 1617 ausa
776 1587 937 1626 prorsus
977 1576 1247 1627 delitesceret,
1300 1577 1405 1626 quod
1441 1575 1528 1616 acui

233 1639 371 1688 debet,
400 1643 445 1678 ut
472 1639 677 1688 superiora
704 1640 845 1678 docent
872 1640 1051 1689 exempla
1078 1643 1119 1679 et
1146 1645 1191 1679 ut
1219 1639 1415 1679 sententia
1441 1650 1530 1688 pos-

234 1701 349 1741 tulat.
404 1701 532 1741 Unum
562 1701 833 1742 tantummodo
861 1706 986 1741 restat
1013 1702 1232 1753 exemplum
1261 1702 1342 1742 Mil.
1370 1714 1405 1742 v,
1433 1702 1529 1742 508:

237 1765 344 1813 Quin
373 1764 630 1804 concubinam
664 1765 796 1804 erilem
822 1766 1056 1804 insimulare
1083 1778 1206 1804 ausus
1232 1765 1304 1804 es?
1330 1765 1398 1804 ubi
1424 1764 1530 1803 nullo

235 1827 348 1865 modo
385 1826 516 1876 potuit
553 1832 670 1876 poeta
696 1826 869 1867 scribere
907 1840 947 1866 es
989 1841 1112 1867 ausus
1149 1831 1312 1878 propter
1350 1827 1530 1867 ultimum

234 1890 385 1938 pedem.

343 1951 430 1997 Qua
466 1950 611 1991 fiducia
649 1951 770 2001 igitur
805 1952 891 1991 ausi
930 1955 1023 1991 sunt
1050 1951 1125 1991 viri
1152 1952 1260 1991 docti
1288 1955 1463 1991 statuere
1492 1964 1532 1990 es

236 2014 428 2054 excidisse
467 2020 558 2064 post
594 2027 719 2055 ausus
757 2014 947 2054 verbum?
1002 2014 1153 2055 Deinde
1194 2015 1378 2065 quoniam
1418 2014 1533 2064 plura

237 2080 328 2116 sunt
355 2088 402 2117 ea
429 2077 628 2127 exempla,
668 2077 810 2128 quibus
838 2078 950 2117 deest
987 2091 1027 2117 es
1054 2077 1239 2126 verbum,
1276 2078 1309 2117 si
1337 2078 1466 2117 omnia
1493 2078 1533 2116 in

239 2150 359 2178 unam
387 2139 553 2179 formam
581 2140 796 2190 redigenda
824 2143 965 2188 essent,
994 2151 1119 2180 nonne
1147 2141 1282 2180 eodem
1313 2141 1373 2179 vel
1400 2140 1534 2190 potius

241 2202 388 2241 maiore
426 2201 510 2241 iure
545 2203 690 2243 audere
727 2214 882 2253 possem
917 2203 987 2242 illa
1014 2206 1180 2251 mutare,
1214 2203 1356 2252 quibus
1385 2216 1425 2242 es
1452 2207 1533 2242 tra-

241 2264 379 2303 ditur?
439 2263 521 2304 Owr
557 2266 712 2305 ausus?
752 2265 970 2305 rectissime
1006 2277 1048 2306 se
1084 2266 1207 2305 habet
1242 2278 1367 2316 neque
1405 2265 1533 2315 magis

241 2326 481 2366 dubitationi
509 2327 713 2367 obnoxium
743 2331 803 2368 est
830 2328 903 2367 hoc
931 2328 1103 2368 Terentii
1133 2329 1371 2379 exemplum:

346 2389 459 2430 Adel.
489 2402 524 2431 v.
551 2390 631 2431 234
657 2390 778 2432 Nunc
806 2392 959 2432 demum
984 2392 1122 2432 venis?
1159 2405 1229 2433 cwr
1249 2391 1430 2443 passus?
1467 2392 1535 2433 ubi

243 2453 361 2493 eras?
