1776 2893
721 167 982 206 ..79-

208 275 286 315 ubi<
302 272 487 313 Ritschl.:
509 272 665 321 potiast
689 270 895 319 inutiliter,
923 271 1153 319 praesertim
1182 272 1216 310 si
1241 272 1394 312 confero
1416 273 1492 312 Cic.

207 337 259 377 ad
286 335 376 376 fam.
406 334 510 382 XVI,
542 335 575 382 1,
603 334 628 372 3
657 345 767 372 amor
792 335 838 371 ut
862 333 1053 372 valentem
1078 334 1279 373 videamus
1303 335 1494 383 hortatur,

207 399 461 444 desiderium,
499 399 545 435 ut
571 409 688 446 quam
708 396 894 445 primum.
932 395 1036 435 illud
1058 396 1182 447 iyitur
1204 398 1362 446 potius;
1399 411 1495 437 eura

207 472 297 510 erqo
322 462 370 498 ut
393 459 539 497 valeas.

312 520 422 567 Quae
449 520 606 560 omissio
634 520 791 559 minime
818 520 981 569 propria
1007 524 1066 559 est
1093 520 1360 569 comparativi,
1393 523 1495 570 quod

209 583 366 623 Brixius
393 582 560 628 censuit,
600 583 668 621 sed
698 582 822 621 multo
856 582 976 621 latius
1003 586 1124 631 patet.
1183 583 1311 632 Atque
1346 587 1389 622 ut
1416 584 1497 632 pri-

210 656 314 684 mum
353 645 401 684 de
437 644 810 695 interrogationibus
845 655 980 695 agam,
1021 645 1187 695 legimus
1223 645 1331 685 Pers.
1358 658 1393 685 v.
1424 646 1495 685 107

205 708 275 746 Ita
298 708 390 756 fieri
414 708 538 746 iussi:
565 708 705 756 ecquid
729 707 932 746 halaecis?
959 708 1025 745 ubi
1048 708 1092 745 R.
1121 708 1313 746 inutiliter
1339 709 1498 756 scripsit

206 769 403 817 holaccist,
426 781 514 808 nam
534 770 652 808 etiam
672 769 787 809 Poen.
808 782 842 809 v.
858 769 937 809 253
957 770 1146 809 traditur:
1175 771 1316 820 ecquid
1330 772 1497 822 ¹cratiae,

207 845 293 871 cum
328 832 404 871 huc
437 833 550 883 foras
585 835 620 871 te
648 833 832 872 evocavi?
885 832 968 871 Mil.
1003 835 1097 871 1111
1144 834 1251 882 Quid
1282 834 1346 872 is?
1387 836 1499 884 ecqui

201 894 347 944 fortis?
401 895 445 933 R.
471 894 617 944 sortist,

308 956 459 995 Deinde
481 956 601 995 Stich.
626 970 663 996 v.
684 958 759 997 769
790 958 868 1007 Qui
885 958 1051 997 Ionicus
1069 961 1142 997 aut
1161 959 1399 1006 cinaedicus,
1428 960 1498 1008 qui

203 1018 273 1057 hoc
301 1018 378 1057 tale
402 1019 537 1068 facere
558 1021 688 1069 possit

309 1084 349 1120 et
364 1081 471 1120 Asin.
492 1094 526 1121 v.
544 1083 617 1121 167
638 1082 827 1122 traditur:
857 1084 926 1132 qui
942 1083 1080 1123 modus
1097 1083 1252 1122 dandi?
1280 1095 1350 1123 nec
1368 1084 1495 1131 video,

205 1143 299 1192 quid
321 1143 377 1182 ita
397 1144 567 1183 oflendat
585 1145 689 1183 viros
708 1145 856 1193 doctos,
876 1149 920 1184 ut
939 1148 1092 1184 mutent
1110 1146 1324 1185 secundum
1343 1158 1378 1185 v.
1398 1145 1494 1185 169:

203 1206 300 1254 quid
334 1207 478 1245 modist
512 1208 729 1253 ductaudo,
768 1209 940 1246 amando
976 1208 1013 1246 in
1049 1209 1148 1257 quid
1182 1209 1325 1247 modist
1352 1210 1496 1248 dando.

202 1268 361 1317 Opusne
397 1268 475 1308 fuit
511 1269 653 1309 Plauto
690 1282 843 1320 semper
880 1271 1014 1311 eadem
1055 1271 1209 1310 dicendi
1245 1269 1372 1310 forma
1408 1271 1495 1310 uti?

202 1331 311 1371 Idem
350 1332 508 1381 scripsit
546 1333 645 1372 Men.
674 1346 709 1372 v.
735 1334 827 1373 231:
868 1334 976 1373 Nam
1014 1335 1110 1383 quid
1134 1335 1240 1373 modi
1275 1334 1498 1383 futurumst

201 1393 315 1433 ilbum
334 1407 521 1444 quaerere
548 1394 780 1435 infinitivum
806 1407 876 1444 pro
896 1396 1105 1445 gerundio;
1134 1399 1192 1435 est
1208 1400 1339 1435 autem
1364 1397 1495 1436 omitti

202 1466 315 1504 posse
342 1456 409 1496 illo
428 1457 534 1497 Asin.
563 1469 676 1497 versu
703 1459 915 1498 ostendunt
934 1459 1050 1497 etiam
1081 1458 1118 1497 hi
1141 1458 1338 1510 Ciceronis
1365 1459 1438 1499 loci
1462 1471 1493 1498 :z

203 1519 253 1557 ad
282 1520 365 1557 Att.
393 1519 475 1568 XV,
506 1520 566 1569 15,
594 1521 618 1559 3
644 1522 712 1570 qui
732 1534 854 1570 porro
880 1524 1011 1560 noster
1038 1522 1128 1568 itus,
1165 1522 1328 1568 reditus,
1367 1522 1494 1560 voltus

202 1581 380 1620 incessus
406 1583 509 1621 iuter
535 1583 719 1622 nostros?
772 1584 837 1632 IX,
867 1584 927 1630 10,
955 1584 981 1621 4
1009 1596 1111 1632 quae
1132 1585 1236 1622 euim
1261 1585 1357 1632 finis
1377 1597 1495 1633 pere-

204 1644 472 1692 minationis?

309 1707 425 1755 Apud
445 1708 655 1756 positivum
677 1720 749 1747 non
770 1708 898 1747 minus
918 1719 1033 1757 quam
1061 1708 1165 1756 apud
1187 1708 1492 1757 comparativum

207 1769 366 1809 verbum
396 1770 524 1809 omitti
554 1771 763 1810 ostendunt
787 1771 897 1810 nobis
924 1770 965 1808 hi
993 1770 1087 1810 loci:
1125 1771 1176 1809 ad
1195 1770 1279 1809 Att.
1300 1770 1367 1820 XI,
1387 1771 1449 1820 22,
1475 1773 1489 1809 1

207 1833 304 1881 quid
329 1833 433 1872 euim
461 1836 541 1873 tam
566 1834 845 1885 pervolqatum,
873 1846 991 1883 quam
1016 1833 1125 1872 illius
1152 1834 1195 1872 in
1221 1846 1280 1872 me
1300 1834 1431 1873 odium
1459 1837 1496 1873 et

205 1908 328 1945 yenus
354 1896 424 1935 hoc
452 1897 701 1936 litterarum?
755 1897 820 1945 IV,
850 1897 912 1943 17,
938 1897 963 1935 3
990 1909 1124 1935 verum
1146 1899 1275 1935 tamen
1298 1897 1394 1946 quid
1416 1900 1495 1936 tam

207 1959 452 1997 ridiculum?
495 1960 584 2006 XII,
607 1960 692 2006 18²;
721 1959 830 2007 XIII,
849 1960 912 2006 46,
933 1959 958 1998 3
978 1959 1075 2008 quid
1088 1960 1220 1997 miuus
1233 1959 1495 2007 probandum,

209 2021 357 2069 quam?
409 2022 527 2071 Apud
545 2022 749 2060 Horatium
774 2033 926 2070 quoque
953 2021 1119 2069 legimus
1147 2021 1227 2059 Sat.
1255 2021 1307 2069 II,
1334 2021 1371 2069 3,
1399 2021 1494 2059 283:

209 2084 306 2132 quid
333 2086 413 2122 tam
438 2083 651 2135 maquum?

315 2147 412 2195 Quis
439 2148 561 2196 igitur
588 2146 654 2196 qui
682 2146 869 2185 memoria
896 2149 1046 2194 teneat,
1085 2156 1201 2194 quam
1230 2156 1345 2193 saepe
1372 2146 1494 2193 parti-

213 2209 316 2259 cipia
354 2213 513 2249 careant
550 2208 667 2248 verbo
700 2208 964 2255 substantivo,
1002 2208 1077 2246 iam
1107 2207 1364 2256 dubitaverit,
1402 2207 1495 2257 quin

210 2272 315 2312 Pers.
345 2285 380 2313 v.
403 2274 479 2312 229
510 2272 616 2322 Quid
640 2272 731 2311 istic
757 2271 976 2322 scriptum?
1003 2284 1033 2310 ει
1061 2270 1185 2309 quta
1213 2273 1338 2309 tecum
1365 2271 1496 2310 nescio

210 2336 254 2374 R.
283 2337 425 2376 iniuria
452 2336 653 2384 scripserit
677 2336 924 2384 scriptwnst;

317 2399 397 2439 Mil.
427 2411 461 2438 V.
485 2398 602 2437 1306:
631 2398 738 2448 quid‘
751 2399 853 2437 istuc
881 2408 1023 2447 quaeso
1050 2396 1146 2445 quid
1170 2395 1278 2434 oculo
1307 2396 1499 2446 factumst

213 2463 278 2500 tuo
314 2462 358 2500 R.
378 2461 533 2502 scribit:
571 2461 668 2511 quid
692 2461 795 2500 istu'c
821 2463 879 2499 est
904 2459 1058 2509 ρααέεο,
1086 2459 1183 2508 quid
1201 2459 1310 2497 oculo
1330 2472 1401 2508 —‚·
1428 2460 1497 2499 sed
