1776 2893
756 155 1018 196 ..66-

232 273 393 311 sequere
421 261 495 300 hac
506 274 520 300 .·
548 263 690 313 ecquid
717 265 774 302 est
799 262 970 302 samiis?
1006 263 1105 301 satis
1134 262 1254 302 locuti
1262 275 1276 310 ;
1303 264 1357 312 (p.
1383 263 1449 311 30)
1486 263 1532 303 In

232 324 439 363 enuntiato
474 324 730 364 subordinate
758 326 869 364 deest
899 320 1022 380 ‘estis'
1062 324 1183 364 Stich.
1212 336 1246 364 V.
1271 325 1348 364 649
1377 324 1532 365 Sabvete

229 385 412 425 Athenae
441 400 542 437 quae
568 388 745 427 ‘nutrices
776 387 972 428 Graeciae
1006 386 1124 426 NaeV.
1154 386 1228 437 frg.
1256 388 1306 426 37
1335 386 1427 435 Dic,
1456 401 1532 438 quo

226 452 350 498 pacto
378 463 465 488 eum
485 449 637 499 potiti?
668 463 840 501 puyuan
868 462 923 489 an
951 449 1050 489 dolis
1066 451 1102 498 ¹)

338 511 414 551 Sed
443 511 517 552 hoc
545 512 628 552 loco
656 514 776 562 paulo
803 513 928 553 fusius
952 512 1221 553 disserendum
1251 524 1297 553 ac
1319 513 1529 553 decernen-

234 575 328 613 dum
357 578 418 614 est
445 576 494 614 de

338 637 426 676 Aul.
455 649 489 677 v.
516 637 595 677 354
629 637 808 686 Geserin,
838 638 1021 687 Sta-obde,
1058 638 1130 678 has
1155 638 1308 688 factwri
1333 637 1530 688 nuptias?

341 701 406 749 qui
437 712 573 740 versus
593 701 781 740 obscurus
809 704 848 739 et
870 705 1078 749 corruptus
1099 701 1306 740 videbatur
1330 711 1415 740 esse
1436 700 1531 739 viris

239 762 376 800 doctis.
433 762 620 801 Attamen
647 763 697 800 ad
725 772 841 810 quam
865 773 1071 810 personam
1101 763 1258 803 verbum
1285 761 1527 801 referendum

236 823 299 869 sit,
339 836 383 863 ex
419 825 678 875 appellatione
706 823 873 865 strobile
910 837 984 865 non
1017 825 1145 865 minus
1180 825 1427 875 perspicuum
1456 828 1530 873 est,

234 898 353 935 quam
381 887 503 926 Naev.
524 888 597 936 frg.
624 888 673 926 37
702 891 869 936 apparet
897 900 943 927 ex
970 889 1033 926 dic
1061 888 1293 936 imperativo
1318 887 1527 926 secundam

233 960 440 997 personam
472 950 525 989 ad
551 950 673 999 potiti
705 948 920 998 perfectum
957 960 1042 988 esse
1075 949 1311 999 cogitatione
1343 948 1527 999 supplen-

232 1012 334 1050 dam.
391 1012 626 1050 Muellerum
648 1016 778 1050 autem
804 1011 899 1049 nihil
929 1012 1005 1049 nisi
1025 1011 1159 1049 hiatus
1182 1011 1393 1050 adduxisse
1421 1012 1527 1050 vide-

232 1077 298 1111 tur
326 1074 364 1112 in
392 1071 480 1112 'eam
505 1073 753 1120 sententiam,
782 1075 828 1111 ut
851 1072 999 1112 diceret
1028 1071 1154 1122 (Pros.
1182 1084 1219 1121 p.
1240 1072 1336 1123 482)
1366 1072 1526 1112 verbum

230 1134 382 1175 finitum
414 1136 522 1175 nulla
549 1136 774 1175 condicione
803 1135 935 1174 omitti
962 1146 1086 1184 posse.
1143 1135 1248 1174 Satis
1276 1135 1524 1184 perspicuum

231 1209 385 1236 versum
416 1209 502 1237 esse
530 1199 607 1237 iam
638 1198 822 1245 diximus,
849 1197 991 1236 deinde
1019 1197 1124 1245 apud
1152 1196 1338 1246 facmrus
1366 1197 1526 1236 verbum

230 1271 304 1299 non
345 1261 461 1300 modo
500 1261 718 1301 invenimus
759 1273 846 1300 sum
884 1260 1019 1299 deesse
1057 1258 1177 1299 Stich.
1206 1271 1243 1298 v.
1270 1260 1318 1298 73
1358 1263 1398 1298 et
1426 1259 1527 1298 Men.

232 1324 390 1371 v.119;
430 1324 499 1362 sed
530 1334 721 1372 persaepe
749 1322 869 1361 etiam
907 1321 1118 1370 singularis
1155 1322 1326 1360 secunda
1363 1332 1530 1370 persona

232 1385 430 1424 omittitur
457 1388 509 1435 (p.
532 1385 610 1432 23).
666 1384 718 1423 Et
754 1384 908 1424 codices
936 1383 1109 1422 Plautini
1146 1395 1299 1422 versum
1338 1383 1528 1433 praebent

232 1447 385 1495 qualem
425 1459 498 1496 ego
534 1447 747 1495 adscripsi,
786 1446 1017 1494 quibuscum
1056 1445 1249 1484 consentit
1285 1446 1429 1485 Festus
1469 1446 1528 1496 (et

233 1507 424 1557 Servius),
455 1508 676 1548 Macrobius
705 1512 837 1547 autem
856 1508 963 1547 solus
991 1507 1075 1557 (qui
1099 1519 1144 1547 ex
1165 1507 1301 1546 eodem
1323 1505 1430 1546 fonte
1452 1518 1528 1557 quo

234 1571 376 1610 Festus
413 1571 563 1622 hausit)
602 1571 718 1621 legit:
758 1571 798 1610 hi
834 1574 929 1610 suut
960 1568 1132 1620 facturi,
1170 1580 1285 1618 quam
1325 1569 1527 1609 lectionem

233 1633 369 1673 Goetz.
407 1634 446 1673 in
477 1637 625 1673 textum
655 1633 803 1682 recepit
837 1633 1000 1680 iniuria,
1038 1644 1127 1671 nam
1154 1632 1259 1682 apud
1289 1631 1528 1672 Macrobium

233 1696 425 1736 habemus
446 1697 703 1737 mutationem
725 1695 885 1736 consilio
906 1695 1051 1735 factam
1074 1705 1191 1744 quam
1212 1698 1349 1735 contra
1368 1696 1529 1737 Festum

233 1764 273 1798 et
302 1760 422 1798 libros
450 1771 540 1798 mss.
577 1760 751 1809 recipere
789 1771 863 1798 non
902 1762 963 1798 est
994 1769 1112 1797 sanae
1140 1758 1316 1797 rationis.
1372 1759 1530 1800 Cadunt

233 1822 354 1860 etiam
385 1821 568 1861 Muelleri
601 1822 805 1861 conamina
844 1822 895 1860 ad
932 1820 1084 1859 irritum
1113 1821 1366 1870 proponentis
1402 1822 1527 1872 (Pros.

233 1896 270 1932 p.
300 1884 398 1932 482)
439 1879 565 1939 ‘haec‘
602 1884 663 1923 vel
700 1884 779 1939 ‘hic
817 1887 912 1923 sunt
946 1877 1143 1933 futurae'.
1207 1882 1351 1924 Hiatus
1387 1889 1530 1932 autem,

236 1958 312 1994 quo
338 1946 490 1986 inducti
511 1949 603 1985 sunt
628 1946 701 1985 viri
725 1946 843 1994 docti,
872 1944 968 1985 nihil
992 1945 1112 1984 habet
1132 1944 1354 1986 offensionis
1381 1948 1419 1986 in
1444 1959 1531 1987 cae-

237 2020 330 2047 sura
356 2012 396 2047 et
421 2012 511 2057 post
530 2008 846 2057 appellationem.
900 2008 975 2047 Hic
998 2008 1120 2056 igitur
1144 2007 1369 2049 Aululariae
1396 2021 1532 2050 versus

239 2071 351 2110 nobis
380 2070 598 2110 rectissime
626 2082 650 2109 a
677 2070 788 2110 libris
816 2082 905 2110 mss.
935 2070 1104 2109 traditus
1132 2073 1202 2109 est.

344 2134 398 2173 Et
426 2134 540 2173 Most.
569 2146 604 2173 v.
625 2132 705 2172 604
730 2132 914 2173 Daturiu
934 2134 1026 2172 estis
1046 2133 1193 2182 faenus
1214 2137 1391 2174 actutum
1409 2137 1533 2176 mihi?

332 2249 361 2287 1)
385 2250 448 2278 Leo
472 2251 574 2279 attulit
596 2251 615 2279 l.
641 2260 663 2279 s.
690 2259 713 2280 s.
739 2259 768 2287 p.
789 2251 866 2280 190:
901 2249 989 2285 Verg.
1014 2250 1067 2278 ecl.
1092 2252 1121 2285 5,
1146 2251 1183 2279 21
1214 2260 1264 2280 vos
1287 2253 1384 2288 coryli
1402 2258 1487 2283 testes
1509 2259 1536 2283 et

232 2302 363 2339 flumina
389 2303 526 2338 nymphis
561 2302 652 2332 Ovid.
677 2304 741 2332 her.
768 2303 817 2339 10,
842 2303 902 2330 113
934 2301 989 2330 Vos
1012 2311 1122 2338 quoque
1145 2303 1275 2331 crudeles
1302 2305 1381 2332 venti
1400 2307 1533 2335 nimium-

240 2364 292 2390 que
313 2354 423 2391 parati
453 2355 529 2383 Aen.
555 2357 583 2390 5,
610 2357 668 2385 192
687 2356 813 2391 promite
835 2364 912 2383 nunc
931 2355 1055 2390 animos,
1079 2355 1181 2391 quibus
1203 2357 1235 2384 in
1252 2357 1386 2385 Gaetulis
1401 2358 1534 2393 Syrtibus

240 2407 290 2434 usi
304 2406 445 2441 Ionioque
463 2408 543 2434 mari
564 2407 655 2436 Ovid.
680 2408 748 2436 fast.
772 2409 800 2442 5,
824 2408 886 2436 465
910 2407 939 2434 si
957 2415 1008 2434 vos
1022 2409 1106 2436 modo
1122 2418 1191 2436 vera
1207 2409 1305 2437 locuti.
1336 2410 1417 2437 Addi
1435 2415 1535 2446 potest

240 2458 330 2495 Prop.
354 2458 408 2495 1V,
434 2460 461 2494 1,
486 2459 504 2488 δ
527 2468 616 2494 quove
633 2460 710 2496 pede
733 2459 880 2495 inqrewi?
902 2468 1022 2495 quamve
1044 2459 1156 2489 bibistis
1177 2461 1310 2496 aquam?
