1776 2893
791 169 1052 209 -88-

378 274 615 324 Itaqueiam
644 275 835 315 refutasse
862 274 957 314 mihi
986 274 1119 315 videor
1137 274 1349 325 Anspachii
1370 275 1562 316 coniectu-

274 349 380 388 ram,
421 336 487 388 qui
514 338 632 378 Bach.
662 350 697 377 v,
722 338 800 379 398
828 338 982 379 scribit:
1019 339 1144 390 magis
1181 351 1267 379 cum
1296 351 1394 378 cura
1419 351 1500 378 esse
1528 341 1565 378 et

275 413 361 440 cum
390 401 638 452 obviqilatust
675 414 782 451 opus.
837 401 1003 442 Necesse
1040 404 1100 442 est
1135 401 1372 441 retineatur:
1403 401 1562 457 ‘obvi-‹Ji-

274 464 391 503 latost
420 458 547 514 opus'.
603 464 701 504 Tum
738 463 956 503 autemfieri
997 476 1070 504 non
1098 466 1248 514 potest,
1287 466 1331 503 ut
1370 462 1564 503 scribatur

276 522 500 582 εαιτιοανηείῗ.
555 527 722 567 Plautus
761 526 921 576 scripsit
956 522 1157 582 ‘aequum'
1192 537 1316 577 neque
1352 525 1394 565 id
1428 526 1564 576 negari

276 589 414 638 debet,
452 590 684 639 praesertim
722 601 809 630 cum
846 589 919 629 hoc
955 601 1028 629 non
1057 589 1211 629 unicum
1247 590 1299 629 sit
1325 588 1562 638 exemplum

275 652 366 691 vide
393 652 495 690 enim
524 652 607 691 Mil.
627 665 663 691 v.
686 653 787 692 1070
814 651 937 690 Facis
963 664 1069 691 nunc
1096 655 1143 691 ut
1169 655 1204 691 te
1228 652 1363 702 facere
1391 664 1563 702 aequom,

275 714 342 754 ubi
361 715 406 754 R.
436 714 531 755 item
559 713 659 754 falso
678 714 836 764 scripsit
866 709 1106 769 ισιεφιοπιειῗ,
1135 715 1185 754 ad
1205 715 1306 765 quod
1326 713 1563 754 reiciendum

274 776 441 817 fortasse
478 778 597 817 etiam
626 776 707 815 Mil.
735 789 770 816 v.
799 776 876 816 286
895 789 897 794 ⁴
917 776 1209 816 commemorari
1235 780 1384 828 potest:
1428 776 1502 833 cDi
1530 779 1564 816 te

270 841 460 891 perdant.
519 840 573 880 Te
611 841 712 880 istuc
739 853 921 890 aequom,
951 834 1151 891 quoniam'
1180 841 1283 891 quod
1312 852 1475 881 vacuum
1504 845 1565 881 est

276 905 381 944 omni
417 903 662 944 dubitatione
704 903 812 954 (vide
850 916 888 953 p.
928 904 993 952 12)
1033 915 1157 953 neque
1195 905 1241 944 R.
1278 905 1361 955 ipse
1398 905 1566 944 mutavit
1642 927 1647 931 -

276 968 395 1008 Bach.
423 980 457 1007 v.
487 967 564 1006 209
593 966 745 1007 Scitum
770 968 883 1014 istuc,
911 966 1015 1017 quod
1043 978 1178 1007 versus
1206 970 1350 1008 tuetur.

384 1031 493 1077 Quae
521 1040 609 1069 cum
637 1030 694 1069 ita
721 1030 811 1077 sint,
839 1029 1022 1078 quoniam
1041 1029 1210 1069 vidimus
1238 1030 1422 1075 Plautum
1452 1041 1565 1069 usur-

276 1104 393 1143 passe
422 1105 585 1143 aequom
611 1104 682 1142 pro
709 1105 872 1143 aequom
899 1095 956 1132 est
981 1092 1058 1132 iam
1088 1092 1231 1132 nullam
1261 1104 1417 1133 causam
1446 1093 1565 1133 habe-

277 1168 376 1205 mus,
405 1167 474 1195 cur
500 1167 687 1205 negemus
714 1156 818 1194 idem
846 1154 992 1194 factum
1022 1166 1106 1195 esse
1133 1156 1238 1205 apud
1269 1169 1362 1212 ‘par
1389 1151 1473 1195 est‘.

382 1218 501 1259 Bach.
537 1230 572 1258 V.
615 1218 692 1259 219
731 1218 867 1258 Malos
914 1231 1032 1268 quam
1080 1219 1197 1260 bonos
1226 1233 1306 1269 par
1350 1220 1474 1271 mayis
1509 1221 1596 1259 me'

276 1283 415 1323 iuvare

382 1345 450 1386 ubi
492 1346 538 1385 R.
576 1357 622 1384 ne
659 1345 868 1385 omittatur
907 1340 1011 1400 ‘esst
1049 1345 1186 1385 scribit
1228 1341 1431 1405 ‘mayist'4
1466 1346 1568 1387 Sane

278 1409 529 1448 inveniuntur
556 1408 732 1458 exempla
759 1408 827 1449 ubi
855 1411 912 1448 est
937 1408 987 1447 ab
1014 1408 1338 1458 impersonalibus
1365 1409 1568 1450 interiecto

281 1472 357 1511 alio
386 1472 505 1512 verbo
534 1471 744 1519 dirimitur,
779 1472 848 1511 sed
876 1483 923 1511 ea
951 1475 1053 1520 sunt,
1091 1475 1135 1511 ut
1163 1475 1220 1511 est
1246 1471 1360 1512 facile
1388 1484 1474 1512 cum
1503 1484 1569 1511 vo—

275 1535 350 1574 cali
370 1534 583 1574 coalescat:
605 1548 689 1584 par
705 1535 886 1584 facerest,
914 1534 1128 1573 humanum
1146 1535 1393 1586 iynoscerest,
1424 1538 1570 1575 certum

279 1598 457 1648 exequist
492 1596 554 1646 (cf.
582 1597 744 1637 Vahlen.
785 1596 923 1636 Herm.
951 1597 1094 1649 XVII.)
1140 1596 1274 1646 Neque
1302 1597 1475 1638 dubitari
1502 1610 1570 1648 po-

279 1664 381 1710 test,
420 1661 512 1710 quin
554 1664 612 1700 est
637 1672 724 1700 cum
753 1661 806 1699 -is
835 1663 946 1700 coeat
983 1660 1022 1699 in
1061 1671 1177 1699 unam
1212 1660 1424 1711 syllabam,
1463 1661 1571 1702 velut

278 1725 398 1765 Merc.
428 1736 463 1764 v,
492 1724 569 1764 672
608 1726 764 1764 tantum
799 1724 869 1764 hoc
906 1724 1054 1764 onerist
1087 1722 1168 1763 Mil.
1198 1735 1231 1763 V.
1263 1724 1337 1765 779
1375 1738 1476 1776 quae
1504 1739 1569 1766 cu-

272 1789 391 1838 piens
418 1789 536 1827 huius
564 1789 757 1837 corpor-ist
783 1787 905 1827 Stich.
932 1800 967 1826 v.
998 1787 1048 1826 74
1075 1787 1323 1836 exorabilist;
1351 1791 1481 1828 tamen
1509 1800 1569 1829 re-

277 1851 438 1891 tinenda
466 1853 526 1891 est
554 1850 704 1890 tradita
731 1849 857 1891 lectio.
913 1850 965 1890 Et
993 1850 1150 1890 afferam
1188 1862 1423 1902 quamquam
1452 1852 1569 1901 paulo

278 1914 393 1954 aliter
421 1925 462 1953 se
490 1913 629 1953 habet:
659 1914 709 1953 ad
730 1914 813 1953 Att.
841 1913 907 1961 IX,
938 1913 998 1963 13,
1028 1914 1053 1952 3
1084 1914 1196 1969 ‘quin
1224 1915 1341 1953 etiam
1367 1915 1470 1954 illud
1491 1928 1570 1966 par

277 1978 321 2017 in
349 1980 514 2027 utroque
541 1979 729 2025 nostrum,
758 1977 863 2027 quod
888 1976 1011 2016 illecti
1038 1970 1193 2016 sumus‘.

384 2041 538 2080 Melius
556 2040 638 2079 sine
667 2043 725 2079 est
752 2039 868 2079 verbo
888 2040 1044 2089 saepius
1063 2039 1234 2079 occurrit
1252 2042 1355 2090 apud
1375 2040 1570 2091 Plautum,

280 2116 378 2154 quos
406 2103 509 2144 locos
548 2113 680 2141 omnes
708 2106 863 2141 mutare
890 2103 1081 2143 audaciae
1108 2105 1179 2142 est.
1234 2102 1310 2142 Sed
1338 2104 1567 2155 priusquam

279 2167 351 2206 hos
388 2166 493 2206 locos
533 2165 768 2214 adscribam,
807 2164 929 2204 oculis
956 2164 1142 2205 subiciam
1179 2177 1279 2215 quae
1305 2166 1435 2206 inveni
1462 2169 1568 2218 apud

280 2229 376 2268 alios
411 2228 620 2277 scriptores
659 2227 837 2277 exempla
874 2239 996 2278 neque
1034 2231 1238 2268 mutantur
1264 2229 1314 2268 ab
1342 2229 1568 2270 editoribus.

280 2291 466 2338 Cicer0¹)
495 2290 630 2330 scribit
658 2290 708 2330 ad
739 2292 821 2329 Att.
849 2291 953 2339 XIV,
981 2291 1044 2342 22,
1072 2292 1097 2331 2
1124 2292 1278 2332 miliens
1304 2294 1405 2333 mori
1430 2294 1569 2335 melius

279 2356 369 2395 huic
390 2355 628 2404 praesertim
664 2354 789 2393 aetati
814 2355 879 2402 VI,
909 2357 943 2403 6,
972 2356 997 2394 4
1036 2356 1105 2394 hoc
1140 2356 1277 2395 melius
1304 2360 1342 2395 eb
1367 2357 1484 2397 huius
1510 2360 1570 2398 rei

368 2493 399 2533 1)
426 2495 463 2522 cf.
490 2492 618 2521 Vahlen.
642 2492 712 2519 adn.
737 2494 775 2520 ad
799 2494 861 2521 Cic.
886 2494 923 2521 de
947 2495 1005 2529 leg.
1030 2494 1084 2529 111,
1110 2495 1160 2529 20,
1183 2495 1222 2522 47
1247 2494 1294 2522 ed.
1318 2504 1376 2522 sec.
