1776 2893
742 172 901 212 —75
953 164 1015 202 -—-‘

230 282 317 321 ulla
345 282 479 320 teneri.
507 280 557 318 ad
579 280 662 317 Att.
681 278 786 326 XVI,
817 279 851 323 1,
878 278 903 316 3
932 276 1120 326 Dyuaeos
1138 291 1234 327 ayro
1255 278 1392 326 pulsos
1410 290 1519 315 mare

231 344 421 393 infestum
446 341 586 381 habere
612 341 672 379 nil
696 340 851 379 mum.

338 405 415 445 Cas
440 404 493 451 H,
521 403 558 451 3,
585 402 632 441 41
673 401 828 442 Mirum
855 401 1006 441 eca'stor
1033 401 1071 439 te
1095 401 1254 439 sene'eta
1277 399 1282 450 Ι
1307 401 1433 440 aetate
1461 403 1519 451 of-

228 469 364 518 ficium
392 470 503 506 tuum

340 529 439 568 falso
477 528 663 578 Geppert.
699 527 847 567 scribit.
892 528 1035 566 mirum
1073 529 1224 565 ecastor
1269 529 1326 565 est
1366 530 1520 564 senecta

231 595 362 631 aetate
401 594 436 630 te
474 591 648 640 officium
686 593 821 637 tuum‚·
857 590 991 628 hiatus
1030 589 1131 627 enim
1160 589 1198 627 in
1227 588 1395 626 diaeresi
1424 588 1519 626 nihil

230 654 350 692 habet
376 653 608 692 offensionis.

336 715 471 764 Neque
509 726 600 754 vero
639 715 781 754 dosunt
807 714 903 761 loci,
944 714 1087 763 quibus
1114 713 1279 752 Plautus
1306 716 1365 752 est
1390 711 1521 762 posuit

231 778 343 827 Capt.
372 790 406 817 v.
434 778 512 818 818
539 778 756 827 mirumque
784 777 919 816 adeost
944 778 988 815 m'
1015 776 1096 815 Mil.
1115 789 1150 815 v.
1170 776 1248 816 354
1276 777 1416 815 totiens
1442 788 1521 814 mo—

229 854 318 880 vere
356 842 536 880 mirumst
568 840 687 880 Bach.
715 852 751 879 v.
782 841 856 879 178
884 840 1078 879 Mirumst
1111 853 1171 879 me
1208 843 1255 879 ut
1290 840 1448 878 redeam
1487 842 1522 877 te

230 915 344 953 opere
382 906 491 942 tanto
528 916 716 953 quaerere
755 903 838 942 Mil.
867 914 901 941 v,
929 902 1006 941 418
1044 903 1113 942 sed
1146 903 1309 952 facinus
1343 902 1524 940 mirumst

230 979 306 1016 quo
339 967 451 1006 modo
482 968 635 1016 potuit,
671 979 704 1005 v.
733 966 809 1006 377
839 966 990 1005 Deinde
1024 965 1071 1005 cf.
1109 965 1222 1015 Capt.
1262 977 1297 1004 v,
1328 965 1402 1003 188
1439 977 1520 1003 uon

224 1028 297 1077 pol
322 1029 588 1067 misraudumst
613 1032 653 1066 et
680 1028 791 1067 Cure.
820 1040 855 1066 V.
884 1027 962 1067 265
989 1028 1106 1067 Nihil
1132 1031 1190 1067 est
1214 1027 1453 1073 mirandum,

334 1090 460 1140 Saepe
496 1090 694 1130 invenitur
732 1090 915 1140 pluralis:
958 1090 1075 1130 Bach.
1115 1103 1150 1129 v.
1178 1091 1257 1130 450
1283 1090 1386 1129 mira
1426 1092 1521 1128 sunt

228 1154 273 1191 ui
298 1153 542 1192 Pistoclerus
560 1175 610 1180 —
633 1154 817 1199 contulit,·
845 1153 987 1201 Amph.
1015 1165 1050 1190 v.
1080 1154 1177 1200 279;
1207 1153 1294 1191 Cas.
1324 1153 1373 1197 II,
1401 1153 1438 1200 2,
1466 1151 1519 1189 20

226 1216 330 1254 mira
348 1218 444 1254 sunt
460 1229 554 1255 vera
581 1216 618 1254 si
636 1216 876 1265 praedicas,·
905 1215 1004 1253 Men.
1025 1227 1059 1254 v.
1082 1216 1182 1254 1028
1212 1215 1309 1265 quid
1334 1215 1387 1253 sit
1413 1215 1517 1253 mira

227 1281 345 1324 suut,·
374 1278 484 1325 Gapt.
514 1291 548 1316 v.
579 1279 650 1316 791
682 1282 722 1316 et
750 1278 864 1316 Poen.
893 1278 959 1325 IV,
987 1278 1022 1324 2,
1052 1278 1112 1315 17.

332 1339 444 1386 Quod
472 1340 505 1379 si
532 1339 709 1379 videmus
737 1339 914 1389 exempla
949 1343 990 1379 et
1026 1339 1144 1389 positi
1172 1343 1211 1379 et
1248 1338 1380 1378 omissi
1408 1337 1515 1377 verbi

226 1402 401 1450 inveniri,
439 1407 604 1452 apparet
632 1404 680 1440 de
708 1403 986 1442 exclamatione
1014 1403 1052 1441 in
1080 1403 1128 1442 iis
1154 1402 1390 1448 enuntiatis,
1431 1401 1516 1450 qui-

227 1465 300 1505 bus
348 1468 407 1505 est
443 1465 571 1515 deest,
622 1465 779 1504 minime
817 1476 903 1505 cum
942 1465 1073 1504 Brixio
1125 1477 1210 1505 esse
1251 1464 1515 1515 cogitandum.

228 1529 280 1567 Et
306 1529 605 1568 exclamationes
641 1532 733 1567 sunt
769 1529 937 1567 sermoni
973 1528 1159 1568 familiari
1196 1541 1269 1567 non
1298 1530 1356 1568 ita
1384 1532 1513 1578 aptae.

229 1591 362 1640 Neque
402 1592 459 1631 sic
485 1590 748 1639 intellegenda
774 1595 835 1629 est
861 1591 1017 1632 omissio
1045 1593 1083 1630 in
1113 1592 1260 1631 talibus
1287 1591 1514 1638 enuntiatis,

228 1653 370 1702 quibus
412 1654 518 1703 apud
559 1653 712 1703 factum
754 1652 970 1702 perfectum
1011 1654 1208 1694 omittitur
1248 1657 1314 1693 est.
1378 1653 1515 1692 Potest

228 1727 314 1755 esse
341 1716 573 1755 exclamatio
600 1715 707 1754 velut
735 1715 873 1754 Pseud.
894 1728 928 1754 v.
948 1717 1036 1764 361,
1065 1717 1179 1755 Most.
1201 1729 1235 1754 v.
1255 1717 1333 1756 499
1359 1718 1514 1766 factum

226 1782 379 1827 optume
390 1792 403 1826 ,·
433 1777 553 1817 Stich.
581 1790 616 1817 v.
645 1777 744 1826 3753
774 1778 888 1827 Epid.
917 1791 952 1818 V.
973 1778 1049 1818 209
1077 1770 1194 1818 nimis
1219 1780 1372 1828 factum
1399 1779 1512 1826 beue;

224 1841 345 1880 Bach.
383 1852 417 1880 v,
461 1842 562 1881 1099
599 1841 692 1880 berte
726 1841 853 1881 hercle
886 1842 1038 1892 factum
1074 1842 1187 1881 Most.
1223 1855 1259 1881 v.
1295 1842 1373 1881 459
1410 1841 1512 1880 male

223 1904 349 1944 hercle
373 1905 526 1954 factum
555 1915 677 1954 neque
704 1916 795 1944 vero
823 1905 1023 1953 probabile
1051 1909 1122 1954 est,
1151 1905 1183 1944 si
1202 1905 1378 1944 videmus
1405 1904 1510 1943 Trin.

223 1979 259 2005 v.
286 1967 365 2006 429
394 1967 575 2005 Faetwm.
637 1966 687 2006 Ut
724 1968 879 2016 quidem
904 1968 1008 2007 illud
1040 1969 1219 2017 perierit.
1273 1968 1442 2006 Factum
1468 1968 1513 2006 id

223 2032 429 2080 quoquest,
469 2029 537 2068 ubi
564 2029 602 2068 in
640 2029 775 2069 eodem
805 2041 919 2070 versu
955 2031 1115 2081 ponitur
1143 2034 1200 2070 est
1225 2034 1265 2070 et
1292 2029 1508 2078 omittitur3

221 2097 261 2131 et
287 2093 352 2131 hic
380 2104 491 2131 nemo
517 2093 647 2141 potuit
674 2093 844 2132 seribere
870 2094 1080 2141 factumst,
1120 2094 1213 2142 quia
1240 2094 1352 2133 elisio
1379 2104 1510 2132 neces-

222 2154 328 2193 saria
355 2158 436 2201 est;
467 2165 588 2204 neque
615 2154 731 2194 Poen.
752 2167 786 2193 v.
810 2154 910 2195 1055
939 2159 983 2195 tu
1007 2157 1153 2196 mortui
1177 2156 1301 2195 suut?
1339 2155 1511 2195 Factum

222 2219 327 2267 quod
353 2231 467 2268 aeyre
495 2218 569 2257 tuli
595 2219 644 2257 de
672 2218 954 2259 exclamatione
981 2220 1231 2268 cogitandum
1260 2223 1339 2266 est;
1369 2219 1510 2258 deinde

222 2280 322 2319 Rud.
350 2292 386 2319 v.
417 2280 519 2319 1365
546 2279 659 2319 Beue
685 2280 872 2320 mehercle
896 2282 1087 2331 factumst
1112 2281 1222 2320 nobis
1249 2281 1425 2320 ostendit
1455 2284 1512 2320 est

221 2343 330 2391 poni,
372 2354 605 2393 quamquam
644 2343 838 2392 particula
875 2344 1130 2384 exclamativa
1166 2345 1284 2383 adsit.
1339 2345 1444 2384 Trin.
1473 2357 1509 2384 v.

223 2406 295 2444 127
333 2405 493 2445 Dedisti
526 2409 742 2456 aryeutum.
798 2406 969 2446 Factum
1004 2420 1128 2457 ‘neque
1161 2408 1262 2457 facti
1282 2409 1402 2459 piyet.
1457 2408 1512 2448 Et

221 2468 340 2507 etiam
368 2470 493 2518 magis
531 2480 578 2507 ex
606 2469 705 2508 Rud.
734 2482 768 2509 v.
796 2470 873 2509 892
901 2470 1012 2509 Beue
1044 2471 1196 2520 factum
1234 2474 1272 2509 et
1309 2471 1427 2521 volup
1455 2476 1512 2511 est
