1776 2893
761 155 1024 196 -80-

239 260 332 310 quid
361 260 502 299 melius
531 263 604 307 est,
633 271 749 309 quam
780 260 969 299 traditam
998 260 1202 299 lectionem
1231 259 1401 299 retinere
1428 270 1544 300 versu

238 324 295 363 sic
316 323 518 369 distincto:
548 324 645 373 quid
663 324 778 371 istuc,
809 324 986 373 quaeso?
1015 324 1111 373 quid
1130 323 1240 363 oculo
1257 323 1287 373 f.
1309 322 1365 362 t?
1410 322 1541 363 Etiam

240 386 271 423 si
304 386 428 424 mavis
456 385 644 423 scribere:
675 386 772 434 quid
800 386 900 424 istuc
925 398 1081 435 quaeso,
1111 386 1216 435 quod
1235 406 1298 432 ——‚
1327 388 1458 434 potest
1487 388 1545 424 est

240 447 390 493 deesse,
421 458 508 485 nam
533 446 740 486 attulimus
767 447 885 487 Baeh.
915 460 949 487 v.
970 448 1048 487 583
1076 448 1173 498 quid
1189 446 1322 487 istuc?
1349 449 1540 491 etutrum

239 513 428 557 sequatur
451 509 656 548 relativum
683 510 928 549 enuntiatum
958 522 1079 551 necne
1098 510 1195 549 nihil
1218 509 1348 548 refert.
1403 505 1542 557 Itaque

241 583 377 611 censeo
397 571 516 610 etiam
538 572 651 612 Truc.
673 583 707 611 V.
728 573 803 612 917
828 573 1063 613 servandum
1085 584 1170 613 esse
1193 572 1385 623 quisillic
1405 571 1543 611 homo?

242 646 365 683 neque
394 638 451 673 est
485 635 729 681 addendum,
770 639 967 684 utcunque
996 639 1104 675 totus
1131 646 1267 675 versus
1298 634 1541 673 restituatur.

345 697 465 735 Porro
494 697 613 736 Poen.
635 698 679 744 V,
701 699 736 745 6,
764 698 785 736 7
818 699 925 747 Quid
944 699 1013 737 tibi
1035 711 1183 737 mecum
1201 697 1361 736 autem?
1388 700 1543 735 mutant

239 760 411 798 editores
439 760 476 798 in
499 763 679 807 autemst,
708 760 800 808 quia
822 760 895 811 sibi
915 764 1197 809 persuaserunt
1217 761 1255 799 in
1276 760 1350 800 hac
1374 758 1541 798 formula

240 821 326 860 fieri
368 833 442 859 non
483 833 616 869 posse,
655 827 698 860 ut
735 823 896 861 verbum
935 824 1155 861 omittatur.
1221 823 1297 861 Sed
1333 822 1540 860 ostendam

240 883 428 932 exemplis
467 883 530 922 hic
559 895 711 934 quoque
750 883 994 923 omissionem
1034 884 1175 924 debere
1214 884 1385 924 tolerari.
1440 882 1541 922 Nam

243 947 411 995 primum
441 946 599 995 quidem
637 947 827 986 habemus
865 947 984 986 etiam
1024 949 1130 997 apud
1159 948 1344 987 Plautum
1373 947 1539 987 alterum

241 1009 461 1059 exemplum
501 1009 596 1049 Cist.
626 1010 692 1059 IV,
727 1010 776 1049 15
814 1009 930 1049 Nihil
963 1023 1113 1050 mecum
1148 1011 1227 1050 tibi.
1266 1013 1438 1050 mortuos
1475 1010 1543 1049 tibi

241 1086 338 1120 sum,
380 1083 480 1122 quae
520 1073 697 1122 exempla
735 1073 814 1111 iam
851 1073 954 1112 inter
980 1084 1022 1112 se
1059 1077 1232 1113 tuentur.
1287 1074 1421 1122 Neque
1453 1083 1544 1111 vero

245 1137 386 1175 desunt
406 1135 571 1174 aliorum
592 1136 827 1185 scriptorum
849 1136 934 1184 loci,
963 1136 1105 1186 quibus
1124 1141 1292 1186 apparet
1309 1136 1431 1175 libros
1451 1146 1541 1174 mss.

241 1202 347 1237 recte
378 1198 487 1237 nobis
514 1198 567 1244 id,
597 1198 701 1246 quod
731 1198 895 1237 Plautus
923 1199 1092 1247 scripsit,
1122 1200 1345 1238 tradidisse.

349 1260 462 1310 Apud
483 1259 708 1299 Terentium
731 1260 831 1299 enim
853 1260 1036 1310 legimus:
1065 1262 1176 1301 Adel.
1200 1273 1234 1301 V.
1256 1262 1332 1301 678
1355 1264 1428 1301 aut
1446 1262 1544 1311 quid

241 1324 352 1362 nobis
381 1335 468 1361 cum
495 1322 605 1361 illis?
660 1323 758 1365 Eun.
787 1335 822 1362 v.
845 1322 918 1361 511
952 1323 1077 1374 Royet
1110 1325 1199 1374 quis
1228 1325 1344 1379 tquid
1377 1325 1437 1363 rei
1473 1324 1542 1363 tibi

244 1398 331 1425 cum
357 1380 472 1425 illa'?
508 1385 564 1424 sic
597 1385 721 1434 igitur
759 1385 950 1435 rogabant
977 1386 1141 1425 Romani
1178 1387 1262 1426 sine
1297 1386 1415 1426 verbo
1451 1385 1542 1425 sub-

247 1448 428 1487 stantivo.

353 1512 482 1559 Atque
511 1510 645 1549 Cicero
673 1511 810 1549 scribit
839 1511 891 1549 ad
920 1511 1002 1550 Att.
1031 1511 1119 1558 XII,
1148 1512 1211 1561 21,
1239 1511 1285 1550 5:
1315 1512 1412 1561 quid
1441 1511 1544 1550 enim

241 1575 338 1613 mihi
367 1586 454 1612 cum
479 1574 568 1623 foro
589 1574 674 1612 sine
693 1574 866 1621 iudiciis,
894 1575 981 1613 sine
1002 1575 1144 1613 curia?
1198 1575 1227 1623 I,
1260 1576 1318 1623 16,
1351 1576 1397 1614 lO
1428 1575 1543 1623 Quid,

242 1638 383 1687 inquit,
411 1636 560 1675 homini
576 1636 773 1685 Arpinati
792 1649 879 1675 cum
898 1637 1013 1686 aquis
1033 1637 1184 1677 calidis.
1225 1637 1312 1684 Hic,
1337 1637 1402 1675 ubi
1423 1637 1542 1676 verba

245 1700 370 1739 Clodii
409 1699 496 1748 ipsa
538 1698 776 1738 afferruntur
815 1700 992 1739 videmus
1034 1697 1302 1748 apertissime,
1348 1700 1541 1748 quomodo

243 1761 424 1802 collocuti
453 1761 532 1800 sint
549 1762 596 1811 ¹).

348 1825 401 1863 Et
429 1824 585 1872 gravior
612 1824 770 1863 omissio
799 1825 903 1873 apud
933 1824 1141 1863 Horatium
1171 1825 1368 1865 invenitur
1399 1825 1479 1864 Sat.
1512 1826 1540 1873 I,

243 1889 280 1936 9,
308 1888 360 1925 43
389 1887 621 1934 Maecenas,
650 1887 838 1936 quomodo
866 1887 1021 1926 tecum?

353 1950 406 1988 Et
436 1949 570 1988 durior
600 1950 757 1988 omissio
796 1949 903 1998 loqui
939 1948 1044 1988 verbi
1080 1949 1236 1989 videtur
1273 1950 1377 1989 Trin.
1408 1961 1441 1989 V.
1461 1949 1538 1990 567

247 2013 354 2061 Quid
382 2015 518 2059 tecum,
548 2012 748 2051 Stasime?
785 2011 831 2051 cf.
861 2024 898 2060 p.
924 2013 983 2050 16.

351 2074 527 2122 Denique
547 2074 620 2113 viri
641 2074 747 2113 docti
775 2074 901 2112 securi
921 2074 1096 2113 scribunt
1116 2078 1283 2114 autemst
1291 2089 1304 2124 ;
1333 2080 1391 2116 est
1408 2081 1538 2116 autem

245 2139 458 2178 collocatur
485 2142 576 2187 post
595 2150 744 2176 mecum
770 2136 830 2175 vel
859 2140 983 2176 tecum
994 2150 1007 2176 .·
1036 2137 1134 2177 Men.
1165 2150 1198 2176 v.
1221 2138 1298 2177 639
1326 2140 1426 2183 nihil
1445 2141 1541 2179 mihi

246 2203 429 2248 tecumst;
458 2199 551 2248 816;
582 2199 703 2239 Stich.
725 2211 757 2238 v.
773 2199 850 2238 333
873 2200 969 2249 quid
988 2203 1176 2239 mecumst
1195 2200 1264 2240 tibi
1299 2201 1386 2240 Aul.
1407 2213 1442 2240 v.
1463 2202 1540 2241 632

245 2263 343 2312 quid
364 2263 432 2301 tibi
452 2265 639 2301 mecumst
658 2262 889 2301 comm-arci?
943 2264 1052 2309 Quae
1074 2274 1159 2302 cum
1182 2264 1238 2302 ita
1260 2264 1337 2302 sint
1356 2265 1537 2312 quoniam

243 2326 309 2364 ille
329 2324 490 2364 Poenuli
509 2334 643 2362 versus
670 2320 890 2379 ‘mecumst'
915 2325 1111 2374 repudiat,
1139 2325 1257 2365 etiam
1278 2326 1405 2365 minus
1425 2326 1538 2366 dubi·

333 2422 363 2455 1)
387 2419 477 2448 Ovid.
502 2429 561 2449 ars.
587 2429 645 2448 am.
669 2422 691 2457 1,
716 2423 776 2450 305
809 2420 880 2456 quid
908 2419 962 2447 tibi
992 2428 1055 2447 cum
1088 2421 1203 2456 speculo
1235 2425 1375 2449 montana
1404 2425 1538 2449 armenta

238 2473 371 2510 petenti?

1769 740 1772 743 >
1770 729 1772 734 <
1768 702 1773 723 ψ
1766 645 1776 695 ;”*“
1764 406 1776 642 -ιὰ--μ-ςιτῃιπ...
1755 348 1776 401 'lh-4
