1776 2893
769 143 1004 182 -8-

239 246 315 287 hoc
351 247 437 287 loco
475 250 659 288 exstaret.
715 247 805 288 Etsi
841 247 904 288 his
943 246 1038 288 locis
1076 261 1288 300 pronomen
1326 251 1368 288 tu
1402 248 1532 299 ipsum

240 324 317 351 non
345 312 563 360 antecedit,
601 315 732 351 tamen
759 324 860 362 quae
886 322 1057 361 persona
1084 314 1156 361 sit,
1193 325 1240 353 ex
1267 312 1394 352 verbis
1423 315 1531 351 ante-

241 373 468 414 cedentibus
497 374 558 414 vel
587 374 839 425 sequentibus
867 374 1176 416 luculentissime
1199 379 1385 426 apparet;
1414 377 1532 425 atque

240 437 287 487 ei,
315 437 383 488 qui
410 438 530 479 etiam
556 449 660 478 nunc
686 438 857 479 haesitet
884 441 1004 489 atque
1030 438 1204 488 dubitet,
1233 439 1351 479 affero
1377 439 1449 479 hos
1475 438 1531 478 lo-

242 512 308 540 cos
336 500 597 540 Horatianos:

283 604 287 607 .
346 563 427 604 Sat.
455 563 508 613 II,
536 564 573 613 3,
613 564 688 604 128
731 567 803 604 tun
839 563 992 604 sanus?
1045 564 1122 604 275
1162 576 1248 604 cum
1286 564 1399 605 balba
1434 565 1534 615 feris

242 639 370 667 annos
396 627 513 667 verba
534 627 677 677 palato
704 627 953 678 Aedificante
981 640 1113 676 casas,
1152 628 1219 678 qui
1245 627 1413 667 sanior?
1453 627 1533 677 ubi,

242 702 344 741 quae
394 702 565 740 persona
605 691 678 740 sit,
719 690 961 740 intellegitur
1008 702 1055 730 ex
1095 690 1212 730 verbo
1251 690 1359 740 feris.
1425 691 1535 738 Quae

243 753 423 803 exempla
450 754 583 792 omnia
620 757 727 793 recte
753 754 901 793 tradita
936 765 1022 793 esse
1058 754 1137 793 iam
1169 765 1282 793 nemo
1309 753 1467 803 negabit
1495 757 1535 792 et

242 817 339 867 quid
366 816 522 864 attinet,
550 817 656 866 quod
683 816 782 855 Men.
812 828 845 855 v.
874 817 953 856 499
981 817 1154 856 traditur
1181 818 1289 855 satin
1315 828 1438 855 sanus
1465 816 1535 854 es?

241 878 310 918 ubi
338 881 381 917 tu
408 878 520 917 deest
546 890 673 927 neque
699 879 758 917 ita
782 877 899 917 facile
925 879 1189 928 intellegitur,
1225 890 1327 929 quae
1366 879 1419 918 sit
1445 890 1534 928 per-

242 953 349 981 sona.
406 940 574 991 Scripsit
611 944 743 981 autem
769 940 934 981 Plautus
970 955 1009 981 es
1036 942 1197 981 verbum
1234 941 1283 981 ob
1325 953 1410 981 eam
1438 953 1533 992 quo-

243 1016 319 1056 que
347 1016 528 1053 causam,
567 1005 660 1055 quia
686 1003 838 1055 syllaba
873 1008 934 1045 est
960 1006 1090 1045 versui
1117 1006 1346 1044 necessaria.
1401 1005 1537 1054 Neque

245 1067 382 1107 debuit
408 1068 453 1107 R.
484 1066 656 1107 scribere
682 1068 784 1107 -u’s:

349 1130 463 1170 Most.
492 1143 527 1170 v.
556 1131 636 1171 320
662 1129 825 1181 Semper
852 1132 948 1172 istoc
974 1132 1086 1172 modo
1113 1130 1242 1182 [tute]
1268 1134 1456 1178 moratus,

244 1193 279 1233 si
306 1196 413 1233 recte
439 1194 606 1233 inseruit
633 1197 714 1233 tute
740 1206 964 1243 pronomen.

350 1255 489 1296 Nonne
515 1256 639 1307 igitur
666 1257 885 1298 rectissime
911 1258 1085 1298 traditur
1113 1257 1220 1307 apud
1247 1256 1473 1296 Terentium

351 1319 508 1358 Phorm.
545 1332 579 1359 V.
620 1320 697 1360 295
735 1319 802 1360 Do
837 1321 962 1360 istuc:
1002 1321 1238 1376 ‘inprudens
1273 1321 1403 1359 timuit
1437 1320 1536 1358 adu-

248 1377 429 1430 lescens’,
465 1382 578 1422 sino:
596 1381 614 1433 Η

441 1444 522 1500 ι’.Γα
548 1440 716 1485 servos‘:
756 1459 891 1486 verum
916 1448 952 1487 si
980 1450 1185 1499 coquatast
1209 1445 1409 1486 maoeime?

352 1508 394 1549 Si
418 1509 474 1548 sic
490 1509 527 1548 A
547 1520 633 1548 cum
653 1509 735 1549 rell.
755 1510 873 1549 habet
895 1513 936 1550 et
953 1511 1133 1550 Donatus
1156 1510 1195 1549 in
1209 1510 1301 1549 Hec.
1322 1509 1390 1557 IV,
1420 1509 1453 1557 1,
1474 1509 1538 1557 41,

247 1574 282 1612 si
319 1572 483 1611 retinuit
521 1572 638 1611 etiam
673 1573 895 1622 Bentleius,
934 1585 1004 1613 cur
1040 1572 1228 1612 Fleckeis.
1258 1575 1297 1611 et
1333 1570 1537 1620 Umpfenb.

248 1635 425 1676 scribunt
460 1638 503 1674 tu
528 1634 698 1674 servo’s?
742 1638 800 1691 ttu
826 1631 969 1676 servos'
999 1636 1097 1676 nihil
1125 1635 1234 1674 aliud
1259 1638 1393 1684 potest
1419 1635 1539 1684 signi-

247 1698 365 1738 ficare
391 1710 510 1748 quam
538 1701 581 1737 tu
608 1710 738 1737 servos
765 1711 816 1737 es.
870 1700 1002 1749 Atque
1028 1698 1247 1737 invenimus

353 1760 509 1801 Phorm.
538 1773 573 1801 v.
601 1761 679 1802 496
732 1760 794 1801 Tu
833 1764 1038 1813 coynatus,
1081 1765 1125 1802 tu
1154 1774 1326 1812 parens,
1363 1763 1406 1800 tu
1442 1761 1540 1800 ami-

250 1837 330 1872 cus,
357 1847 407 1851 —

354 1898 480 1938 neque
513 1886 588 1927 hoc
613 1886 699 1927 loco
727 1886 904 1927 scribunt
931 1886 1101 1927 editores
1129 1887 1211 1934 u's;
1244 1886 1542 1926 credideruntne

248 1950 516 2003 quaerendum
555 1961 640 1990 esse
676 1963 716 1989 es
752 1951 791 1989 in
827 1950 984 2001 ellipsi‘?
1039 1950 1117 1990 Sed
1151 1950 1191 1988 in
1219 1961 1395 1989 sermone
1422 1949 1540 1988 collo-

249 2014 454 2065 quentium
497 2013 625 2061 primo
664 2013 798 2051 statim
844 2013 928 2052 loco
966 2012 1203 2063 cogitatione
1240 2011 1466 2062 suppletur,
1507 2012 1542 2052 si

250 2077 345 2129 quid
371 2075 634 2126 supplendum
662 2079 735 2125 est,
764 2076 866 2116 sicut
893 2077 1012 2117 etiam
1039 2076 1225 2126 legimus:
1260 2075 1373 2116 Adel.
1401 2089 1436 2116 v.
1463 2076 1541 2117 456

254 2140 308 2180 Te
334 2140 460 2179 sobwm
484 2138 677 2186 habemus,
707 2142 750 2178 tu
777 2153 817 2179 es
837 2143 1050 2189 patronus,
1078 2142 1121 2178 tu
1141 2142 1286 2189 pater:
1313 2139 1450 2179 Nonne
1476 2151 1540 2179 eo-

250 2204 341 2244 dem
368 2203 454 2242 iure
481 2201 578 2241 mihi
611 2201 747 2242 liceret
773 2202 849 2243 hoc
876 2201 1093 2252 exemplum
1128 2203 1340 2242 secundum
1368 2202 1436 2242 illa
1463 2203 1541 2243 duo

251 2267 387 2317 (plura
414 2269 546 2305 autem
572 2265 687 2305 huius
716 2266 871 2315 generis
897 2277 974 2304 non
1001 2266 1269 2315 inveniuntur)
1294 2269 1469 2314 mutare,
1508 2267 1542 2305 si

251 2329 389 2368 vellem
428 2328 609 2367 recedere
647 2340 672 2366 a
697 2328 886 2367 librorum
923 2326 1028 2368 fide?
1082 2329 1233 2368 Deinde
1268 2339 1337 2367 cur
1372 2329 1543 2368 editores

252 2405 291 2431 es
319 2393 503 2431 omissum
542 2401 629 2429 esse
662 2394 844 2431 statuunt
883 2394 973 2441 post
1001 2404 1067 2431 -us
1096 2391 1432 2440 terminationem,
1474 2403 1543 2431 cur
