1776 2893
808 155 1069 195 ..54-

292 261 335 298 tu
361 271 400 297 es
427 258 522 298 mihi
547 258 613 298 BC
641 259 764 298 Andr.
793 272 828 300 v.
857 260 933 300 749
973 262 1105 298 autem
1144 259 1184 298 in
1213 258 1280 298 OD
1307 258 1416 298 satin
1449 271 1584 307 sanus,

290 322 359 371 qui
398 334 458 360 me
484 322 529 360 id
553 323 695 373 royites
721 323 834 363 nobis
870 323 1056 363 traditam
1085 333 1171 361 esse
1210 333 1343 362 veram
1380 321 1585 361 lectionem

293 387 461 433 apparet
488 396 535 423 ex

399 447 497 486 Eun.
526 460 561 487 v.
589 448 681 496 559,
707 447 776 488 ubi
802 450 839 489 A
865 449 1005 489 tradit:
1032 448 1161 488 satine
1187 460 1322 496 scmus,
1350 447 1470 487 ceteri
1495 446 1587 487 libri

294 509 394 550 falso
423 511 575 550 addunt
602 523 653 559 es,
682 512 731 550 de
759 524 836 562 quo
864 524 986 563 supra
1012 512 1067 562 (p.
1096 512 1135 560 7)
1165 511 1433 551 disseruimus.
1486 511 1587 550 Item

295 584 383 612 cum
410 574 446 611 A
470 573 600 622 legere
628 573 813 613 debemus

401 635 500 675 Eun.
529 648 563 675 v.
593 636 667 676 651
698 637 741 675 in
769 636 871 685 hinc,
901 650 976 688 quo
1004 639 1157 690 dianus,
1186 650 1273 677 cum
1299 637 1445 677 donis?

402 698 544 738 Restat
570 699 726 738 Phorm.
755 712 789 738 v.
821 701 908 748 179,
937 700 1005 740 ubi
1032 712 1165 740 omnes
1191 699 1282 739 libri
1308 700 1453 739 habent
1483 700 1588 755 tnul-

294 759 356 799 lus
384 755 458 799 es':
496 760 722 801 Priscianus
749 773 906 812 quoque
938 762 1020 811 bis3
1061 767 1101 802 et
1129 762 1332 813 Umpfenb.
1369 763 1426 802 sic
1459 766 1588 802 totum

301 834 457 862 versum
485 822 689 871 formavit:

401 885 552 926 Nu'llus
579 887 618 926 (is
641 886 744 927 Geta
770 887 815 926 ui
840 887 923 926 iam
950 886 1112 938 aliquod
1140 886 1209 927 tibi
1237 887 1442 927 consilium
1469 887 1590 927 ce'lere

298 950 450 999 reperis

402 1012 508 1062 quod
533 1012 689 1052 facilius
718 1013 938 1063 comprobo,
979 1025 1097 1063 quam
1122 1016 1168 1052 ut
1195 1024 1282 1053 cum
1310 1013 1437 1052 Bentl.
1465 1016 1506 1053 et
1531 1013 1590 1052 Fl.

298 1075 485 1114 scribam:
535 1075 682 1114 nullu's
724 1075 827 1115 Geta
865 1100 914 1103 —
950 1077 1145 1125 reperies‚·
1192 1077 1251 1115 u’s
1288 1079 1420 1115 autem
1465 1075 1592 1114 forma

298 1138 435 1187 procul
469 1138 674 1184 abicienda
700 1141 772 1178 est.

405 1200 578 1240 Tandem
605 1200 782 1240 venimus
810 1202 861 1240 ad
887 1201 934 1240 i’s
964 1201 1166 1251 syllabam,
1206 1213 1323 1251 quam
1351 1213 1397 1240 ex
1426 1202 1459 1240 is
1486 1204 1526 1240 et
1554 1214 1593 1240 es

298 1264 417 1303 etiam
445 1264 552 1313 apud
579 1264 805 1303 Terentium
832 1264 928 1303 oriri
953 1264 1063 1314 passi
1089 1268 1182 1303 sunt
1209 1265 1284 1304 viri
1303 1265 1420 1303 docti.
1475 1264 1593 1313 Apud

298 1326 485 1365 Plautum
504 1338 621 1376 quam
643 1326 742 1365 falso
768 1327 956 1376 quisqui’s
974 1327 1165 1377 scriptum
1181 1331 1285 1366 esset
1311 1327 1492 1365 vidimus.
1520 1327 1593 1364 At-

299 1401 375 1440 que
401 1389 571 1439 primum
605 1390 762 1440 quidem
789 1388 978 1428 Fleckeis.
1007 1389 1184 1429 homini's
1212 1390 1387 1438 induxit,
1415 1390 1472 1428 sic
1499 1388 1593 1429 scri-

300 1453 395 1493 bens
423 1453 541 1492 Haut.
572 1466 606 1492 v.
636 1453 712 1492 848

409 1516 561 1565 Quaeso
600 1516 697 1566 quid
733 1518 776 1554 tu
811 1514 1013 1554 homines:
1054 1515 1160 1565 Quid
1199 1514 1406 1567 [nam]st.2
1455 1514 1596 1554 Iamne

303 1579 444 1619 oblitus
486 1592 549 1626 es;
590 1577 831 1618 BCDEFGP
861 1581 992 1617 autem
1019 1577 1165 1617 habent
1192 1590 1348 1617 versum
1376 1579 1593 1627 integrum:

411 1641 566 1692 Quae'so'
599 1641 697 1691 quid
723 1643 767 1679 tu
793 1640 960 1679 hominis
998 1640 1063 1679 e's:
1105 1640 1240 1690 Quid?
1277 1640 1418 1680 Iamne
1459 1640 1597 1680 oblitus

303 1705 374 1745 es?
403 1705 509 1744 solus
536 1706 593 1744 A:
632 1703 730 1754 quid
756 1706 835 1743 est:
873 1703 946 1742 hoc
974 1706 1031 1742 est
1057 1706 1189 1743 autem
1216 1715 1333 1753 quam
1361 1704 1475 1745 facile
1502 1704 1597 1744 addi

302 1768 489 1817 potuerit,
517 1768 605 1817 quis
628 1767 776 1815 negat?

407 1830 560 1871 Deinde
583 1829 706 1869 Andr.
734 1841 769 1869 v.
798 1829 875 1869 702
901 1828 1067 1879 legimus
1094 1828 1134 1867 in
1163 1826 1388 1869 BCDEGP:

413 1894 510 1945 Quis
550 1893 714 1933 videor?
754 1893 885 1933 Miser
920 1905 1045 1943 aeque
1091 1894 1210 1941 atque
1248 1905 1336 1943 e90;
1381 1891 1598 1933 Consilium

304 1971 472 2009 quaero:
500 1956 637 1996 Fortis

408 2022 444 2061 A
471 2021 566 2071 quid
591 2019 775 2059 habuerit
809 2019 1014 2058 nescimus.
1069 2017 1289 2057 Secundum
1316 2018 1441 2058 Bentl.
1470 2019 1528 2059 Fl.
1557 2022 1597 2059 et

304 2083 532 2134 Umpfenb.:
558 2083 698 2132 forti's.
725 2081 862 2120 Falso!
893 2083 963 2119 aut
991 2080 1091 2119 enim
1116 2081 1233 2130 fortis
1251 2082 1463 2131 respondet
1489 2084 1598 2121 ante-

305 2146 460 2187 cedenti
485 2146 603 2186 miser
629 2144 747 2185 verbo
775 2144 833 2184 ita
859 2146 917 2192 ut,
945 2145 1154 2194 posmuam
1183 2144 1284 2185 alter
1310 2145 1411 2185 dixit
1438 2157 1481 2185 se
1508 2157 1597 2185 con-

305 2210 437 2249 silium
464 2221 665 2259 quaerere,
692 2208 794 2247 alter
822 2207 994 2255 corrigat
1013 2206 1160 2246 dictum
1187 2219 1301 2246 suum
1319 2208 1597 2257 pronuntians:

303 2273 421 2324 fortis
447 2272 603 2321 videris,
632 2274 702 2312 aut
729 2271 764 2311 si
791 2270 889 2311 haec
907 2269 1114 2320 explicatio
1133 2271 1261 2311 minus
1290 2273 1350 2311 est
1369 2270 1597 2322 probabilis,

306 2341 437 2376 tamen
473 2337 589 2386 fortis
628 2337 772 2375 omisso
801 2334 919 2374 verbo
954 2334 1071 2372 etiam
1106 2336 1212 2384 apud
1240 2335 1466 2374 Terentium
1492 2339 1599 2375 recte

306 2411 349 2439 se
366 2399 487 2439 habet
514 2398 615 2438 sicut
634 2402 695 2438 tot
723 2396 901 2447 exempla
917 2396 1102 2436 Plautina
1128 2397 1267 2437 talium
1285 2397 1456 2437 breviter
1474 2398 1597 2438 dicto-

306 2475 404 2503 rum.
459 2463 627 2502 Maxime
654 2466 786 2502 autem
815 2459 1073 2501 conferendus
1101 2465 1160 2500 est
1188 2473 1326 2501 versus
