1776 2893
509 774 779 819 Sententiae
818 779 1162 821 controversae.

252 892 284 937 1)
312 890 499 926 Tibullum
533 889 573 924 in
602 889 729 935 elegiis
758 889 960 925 scribendis
988 891 1184 925 nonnullos
1213 890 1397 937 Propertii
1425 891 1479 925 lo-

315 964 374 988 cos
402 954 488 988 ante
517 952 639 988 oculos
667 950 839 987 habuisse
866 954 955 999 puto
984 952 1065 988 coll.
1094 953 1204 999 Prop.
1231 952 1285 997 II,
1315 955 1348 996 5,
1378 956 1478 988 21—

316 1018 363 1050 26
393 1027 474 1051 cum
502 1014 583 1050 Tib.
611 1014 642 1058 Ι,
678 1017 732 1058 10,
764 1017 806 1048 51
840 1025 928 1062 sqq„
957 1014 1052 1050 aliis.

247 1077 285 1123 2)
313 1076 351 1113 Si
390 1089 471 1112 eum
499 1077 623 1113 Leone
652 1076 748 1113 Phil.
776 1077 923 1112 Unters.
962 1078 1011 1122 II,
1049 1090 1084 1124 p.
1116 1081 1162 1113 35
1200 1077 1479 1126 interpunxeris

312 1139 392 1176 Tib.
420 1140 453 1184 I,
483 1144 517 1184 2,
548 1141 590 1175 7:
1506 1134 1515 1136 -

380 1204 488 1238 ianua
516 1202 696 1251 dffficile's,
738 1203 872 1237 domim·
897 1208 929 1237 le
957 1202 1112 1237 verberet
1139 1203 1260 1246 imber,

381 1270 413 1300 te
439 1265 532 1301 Iovis
560 1267 704 1313 imperio
721 1265 879 1312 fulmina
908 1267 1012 1301 missa
1037 1272 1173 1313 petant,

313 1328 386 1363 iam
422 1329 525 1364 nulla
562 1328 772 1364 coniectura
814 1329 934 1364 locum
971 1329 1187 1364 tentandum
1232 1341 1310 1364 esse
1348 1341 1478 1365 censeo

314 1391 395 1427 coll.
416 1390 495 1427 Tib.
527 1392 555 1435 I,
588 1394 620 1435 1,
652 1391 814 1435 17—18,
843 1391 932 1426 Hor.
953 1392 1008 1427 od.
1032 1391 1098 1435 IV,
1128 1395 1161 1435 8,
1192 1394 1357 1435 23—24,
1385 1391 1479 1427 aliis.

244 1453 281 1499 3)
310 1454 355 1489 In
394 1453 467 1489 fine
506 1454 614 1499 Verg.
653 1454 782 1498 Georg.
831 1453 919 1488 libri
966 1453 1088 1501 quarti
1134 1465 1320 1501 nunquam
1366 1453 1481 1490 fuisse

310 1516 437 1552 laudes
465 1516 563 1552 Galli
589 1528 803 1564 persuasum
830 1516 958 1551 habeo.

244 1577 284 1624 4)
314 1579 432 1615 Plaut.
461 1580 574 1616 Bach.·
602 1592 638 1615 v.
670 1582 742 1615 552
772 1580 887 1615 verba
922 1591 986 1625 ego
1016 1581 1066 1614 ita
1096 1591 1170 1614 esse
1197 1579 1354 1614 arbitror·
1381 1582 1481 1616 recte

314 1642 491 1679 collocata
518 1641 623 1678 nobis
652 1642 787 1678 tradita
815 1655 894 1678 esse
922 1641 1095 1678 arbitror.

245 1704 281 1750 5)
309 1704 457 1752 Ulpian.
496 1704 635 1748 Digest.
665 1705 707 1740 L.
744 1705 802 1740 tit.
848 1708 903 1748 16,
943 1707 1015 1740 138
1051 1706 1242 1756 ‘tabernae
1281 1705 1481 1752 appellatio

312 1768 475 1803 declarat
510 1778 617 1802 omne
654 1766 747 1803 utile
782 1768 828 1802 ad
864 1766 1105 1803 habitandum
1143 1767 1371 1812 aedificium,
1409 1780 1482 1803 non

312 1842 359 1865 ex
381 1841 423 1865 eo
452 1829 549 1877 quod
576 1829 712 1865 tabulis
741 1825 916 1866 cluditur'
944 1828 1041 1865 nihil
1068 1830 1284 1865 mutandum
1313 1833 1378 1874 est,
1420 1830 1483 1865 sed

312 1893 358 1927 ad
385 1891 605 1928 sententiam
634 1893 890 1940 supplendum,
920 1891 1017 1940 quod
1044 1891 1182 1937 legitur
1209 1893 1308 1928 Fest.
1340 1906 1374 1940 p.
1405 1895 1479 1928 356

310 1956 566 2006 ‘tabernarum
595 1966 689 2003 quae
716 1954 829 2002 ipsae,
858 1955 956 2003 quod
984 1967 1027 1990 ex
1051 1954 1188 1991 tabulis
1217 1955 1305 1992 olim
1332 1956 1481 2000 fiebant,

310 2018 430 2060 dictae
460 2021 562 2062 sunt,
591 2030 664 2054 non
693 2021 736 2054 ut
762 2018 909 2067 quidam
938 2021 1086 2065 putant,
1117 2019 1214 2066 quod
1241 2018 1377 2055 tabulis
1406 2019 1481 2055 clu-

309 2077 474 2117 dantur’.

243 2143 280 2190 6)
309 2145 443 2181 Aesch.
473 2145 593 2180 Prom.
625 2155 755 2180 versus
784 2143 964 2179 227—28

438 2203 551 2241 ἔνεστι
579 2202 647 2253 γάρ
675 2218 753 2248 πως
780 2206 888 2241 τοῦτο
916 2206 961 2256 τῇ
988 2205 1173 2254 τυραννίδι

439 2264 591 2315 νόσημα,
620 2270 696 2311 τοῖς
723 2268 860 2313 φίλοισι
889 2264 939 2315 μή
967 2266 1186 2304 πεποιθέναι

242 2365 244 2369 ,
309 2333 354 2367 ab
381 2332 452 2368 hoe
478 2333 558 2368 loco
588 2332 835 2367 excludendos
864 2344 942 2368 esse
971 2332 1142 2369 arbitror.

242 2391 279 2438 7)
307 2394 444 2431 Herod.
471 2395 523 2440 ΙΙ,
555 2394 646 2433 115;
689 2392 751 2430 καὶ
789 2391 876 2430 οὐδὲ
916 2395 1028 2430 ταῦτα
1069 2408 1122 2430 τοι
1150 2394 1300 2442 [μοῦνα]
1343 2390 1480 2442 ἤρκεσε,

308 2455 402 2492 illud
431 2458 547 2501 μοῦνα
575 2458 771 2494 delendum
801 2461 865 2493 est.
