1776 2893
322 307 443 348 Stich.
471 317 508 345 v,
538 306 613 346 759
652 304 703 345 Si
725 305 794 361 hoo
821 304 1003 343 eduxeris
1030 305 1201 354 proinde
1226 307 1272 343 ut
1298 308 1520 344 consuetas

217 371 394 410 antehae.
418 370 422 374 ”
1294 418 1296 420 ,
1540 367 1542 369 ’

321 431 385 471 hic
412 430 568 481 quidem
598 432 641 470 ta
668 441 740 468 non
770 429 896 476 adest,
926 429 994 468 sed
1021 441 1069 469 ex
1086 429 1205 469 verbo
1232 430 1414 470 eduxeris
1440 430 1497 469 fa-

213 495 297 543 cile,
327 504 426 542 quae
444 503 609 540 persona
636 492 699 539 sit,
727 490 979 539 intellegitur.
1007 491 1053 528 R.
1081 491 1147 539 qui
1174 491 1211 528 in
1241 494 1351 530 textu
1378 492 1502 531 habet

213 554 429 597 consaeta's
456 554 641 594 adnotat:
676 554 847 605 fortasse
879 553 936 594 sie
972 553 1134 603 scripsit
1161 556 1308 604 poeta:
1347 555 1397 610 ‘si
1434 554 1502 594 hoe

213 619 375 664 eduensis,
405 618 577 666 proinde
604 621 651 656 ut
676 630 716 656 es
745 612 950 656 consuetus
976 611 1160 655 antehac'
1196 617 1279 665 (vel
1306 620 1369 671 Cat
1394 620 1504 655 ante-

214 680 289 719 hae
316 693 355 719 es
383 674 651 731 consuetus');
678 678 749 718 sed
775 681 935 729 propter
961 692 1001 718 es
1020 677 1204 718 omissum
1231 677 1329 718 nihil
1348 682 1503 718 mutan-

215 744 309 783 dum
337 746 398 782 est
425 746 465 781 et
490 742 567 781 iam
595 742 764 781 vidimus
791 753 910 791 supra
936 742 1006 791 qui
1032 745 1238 781 consuetas
1263 754 1287 779 a
1316 741 1502 780 Muellero

211 804 423 844 defensum.
479 805 628 844 Deinde
654 805 889 844 invenimus:
919 820 921 822 ·

317 867 428 917 Capt.
456 880 491 906 v.
520 867 594 907 861
632 868 754 918 facile
783 868 922 918 patior
951 879 978 907 :1
1013 865 1137 907 Credo
1172 870 1378 907 consuetus
1397 880 1504 917 puer

317 929 506 969 editores:
537 932 753 970 consuebu’s
780 934 820 969 et
846 933 1051 980 praeterea
1070 928 1188 968 semel
1215 932 1368 968 tantum
1396 930 1502 979 apud

215 992 396 1033 Plautum
436 992 565 1033 inveni
603 996 809 1033 consuetus
845 993 953 1033 Asin.
982 1005 1018 1031 v.
1047 992 1122 1032 703
1160 992 1264 1033 Asta
1297 993 1420 1044 iqitar
1457 996 1504 1032 at

214 1059 420 1095 consuetas
456 1070 496 1095 es
536 1070 642 1105 puer
680 1057 790 1104 olim,
834 1057 900 1095 ubi
939 1069 979 1095 es
1016 1055 1169 1105 syllaba
1205 1055 1334 1094 versui
1370 1066 1502 1094 neces-

210 1118 315 1158 saria
342 1122 412 1158 est.
467 1119 579 1167 Quod
607 1119 824 1169 exemplum
863 1118 968 1158 nulla
995 1118 1218 1158 condicione
1255 1129 1325 1157 nos
1362 1128 1500 1168 cogere

208 1182 324 1222 debet
361 1182 429 1221 illa
472 1182 674 1232 superiora
708 1182 928 1222 firmissima
963 1185 1125 1222 mutare.
1191 1182 1398 1221 Praeterea
1437 1181 1496 1220 in-

211 1245 386 1284 venimus

310 1308 427 1347 Mero.
456 1320 490 1347 v.
510 1308 583 1348 371
615 1308 696 1347 Per
720 1321 829 1347 mare
855 1311 902 1347 at
926 1312 1056 1348 vectus
1083 1321 1191 1347 nano
1218 1308 1322 1347 oculi
1350 1311 1498 1347 terram

207 1370 407 1409 mirantur
436 1371 516 1409 tui:
543 1373 583 1409 et
609 1370 704 1419 quid
731 1370 875 1410 attinet
908 1371 1013 1419 quod
1039 1370 1157 1409 semel
1184 1369 1350 1419 legimus
1378 1370 1495 1410 Bach.

204 1444 239 1471 v.
269 1432 344 1472 106
371 1446 465 1472 nam
491 1436 537 1472 at
561 1434 605 1472 ire,
632 1434 727 1472 navi
753 1433 894 1472 veeta’s
923 1434 1036 1472 eredo
1064 1433 1203 1472 timida
1230 1446 1282 1481 es,
1308 1431 1375 1472 ubi
1394 1443 1493 1482 opus

205 1494 281 1533 fuit
299 1500 437 1543 poetae
456 1496 627 1535 scribere
652 1499 763 1535 vecta
790 1509 841 1543 es,
870 1506 958 1533 nam
978 1498 1088 1535 vecta
1106 1495 1356 1545 participium
1375 1506 1492 1534 unus-

209 1556 373 1607 quisque
400 1569 447 1596 ex
475 1558 725 1598 audientibus
752 1558 1014 1598 coniunxisset
1042 1569 1128 1599 cum
1158 1560 1272 1599 credo
1297 1558 1427 1598 verbo.

307 1620 390 1660 Iam
429 1620 538 1660 nobis
571 1622 764 1672 agendum
801 1624 861 1661 est
898 1622 948 1661 de
982 1622 1030 1662 iis
1063 1621 1277 1662 enuntiatis
1304 1621 1492 1671 relativis,

203 1683 242 1722 in
280 1683 421 1733 quibus
458 1695 667 1733 pronomen
708 1684 916 1724 relativum
951 1685 1121 1735 positum
1149 1687 1211 1724 est
1237 1697 1308 1735 pro
1336 1685 1490 1725 obiecto

205 1746 262 1786 ita
302 1749 348 1785 ut
384 1747 519 1788 durior
554 1748 665 1788 nobis
690 1748 872 1788 videatur
912 1759 995 1787 esse
1031 1748 1195 1788 omissio.
1252 1749 1328 1797 Qui
1355 1751 1489 1789 autem

204 1810 448 1850 arbitrantur
474 1810 558 1850 fieri
587 1822 659 1850 non
688 1822 803 1860 posse
831 1814 876 1850 ut
903 1811 941 1850 in
971 1811 1041 1851 tali
1067 1811 1269 1851 enuntiato
1297 1824 1377 1851 esse
1404 1822 1492 1850 ver-

205 1872 295 1912 bum
324 1873 548 1923 omittatur,
588 1873 615 1913 ii
657 1873 817 1914 videant
844 1873 1012 1924 primum
1041 1874 1139 1913 Rud.
1169 1886 1204 1913 v,
1233 1873 1310 1914 690
1337 1874 1493 1925 siquam

204 1937 249 1974 in
279 1937 379 1985 fano
405 1937 468 1975 hie
494 1938 603 1976 intus
620 1938 638 1987 ΙΙ
665 1937 845 1984 Veneris,
880 1938 985 1987 quod
1020 1938 1224 1987 amplexae
1250 1938 1362 1976 modo
1387 1938 1493 1976 unde

206 1999 392 2049 abreptae
423 2012 500 2049 per
537 2000 614 2038 vim
648 2001 815 2039 miserae
853 2003 894 2038 et
931 2000 1177 2039 meminerint
1212 2000 1338 2047 illius,
1376 2011 1491 2049 quem

204 2062 281 2100 iam
309 2061 534 2107 attulimus,
575 2062 680 2101 Asin.
718 2073 853 2101 versus
881 2062 978 2100 271:
1016 2063 1119 2102 hanc
1160 2064 1335 2113 quidem,
1374 2075 1492 2113 quam

203 2128 346 2164 nactus
364 2125 581 2174 praedam,
611 2137 697 2164 cam
722 2125 803 2165 illis
823 2126 1024 2175 partiam,
1061 2125 1128 2166 ubi
1154 2126 1333 2166 videmus
1357 2139 1493 2166 sumas

204 2192 245 2226 et
272 2201 357 2227 sum
393 2188 545 2227 formas·
571 2188 736 2228 omissas
773 2199 859 2228 esse
896 2188 1188 2237 pronominibus
1222 2189 1490 2239 personalibus

204 2262 277 2290 non
314 2251 463 2301 positis.
528 2251 713 2291 Attamen
760 2251 810 2290 de
856 2252 918 2291 his
955 2252 1144 2301 exemplis
1181 2264 1293 2292 nemo
1333 2252 1488 2291 dubita-

203 2314 347 2362 tionem
374 2315 496 2355 movit
523 2314 655 2354 ullam.
711 2316 839 2365 Atque
867 2315 944 2353 iam
971 2315 1252 2364 adscripsimus
1290 2315 1386 2355 NoV.
1413 2314 1487 2364 frg.

204 2377 275 2415 62:
304 2378 401 2427 quia
428 2379 531 2416 enim
559 2379 615 2417 ad
641 2391 682 2417 os
706 2380 790 2428 fers
816 2379 1005 2429 quiequid
1030 2382 1211 2418 nanetus.
1266 2379 1374 2426 Quae
1401 2389 1489 2417 eum

202 2438 261 2477 ita
287 2439 383 2489 sint,
411 2440 510 2480 nihil
537 2441 615 2480 iam
644 2440 909 2480 dubitabimus
937 2440 986 2480 de
