1776 2893
752 140 985 179 ..4-.

221 242 412 293 syllabam
456 243 706 283 librariorum
753 244 902 284 incuria
942 247 1003 284 tot
1040 245 1136 285 locis
1172 244 1303 285 omitti
1339 245 1518 295 potuisse

221 307 305 345 veri
342 318 506 361 prorsus
546 307 737 346 dissimile
772 311 840 346 est.
895 307 1047 347 Deinde
1074 311 1206 348 autem
1234 320 1296 347 me
1322 320 1398 347 non
1425 321 1515 358 per-

222 369 374 418 spicere
418 381 536 420 posse
579 369 724 419 fateor,
776 382 853 421 qua
889 370 1048 410 tandem
1092 371 1245 411 ratione
1292 370 1519 421 collegerint

222 432 392 472 editores
420 432 606 472 Plautum
644 433 825 473 omnibus
852 433 900 472 iis
937 433 1054 482 locis,
1091 434 1159 473 ubi
1187 435 1265 483 ipsi
1292 435 1517 474 desiderant

222 495 384 535 verbum
426 495 735 545 substantivum,
781 497 960 546 posuisse
997 496 1036 535 id
1076 500 1167 546 post
1205 496 1436 537 vocabulum
1477 498 1517 537 in

221 571 288 598 -us
314 559 549 608 terminans,
587 560 610 598 i.
641 571 670 598 e.
711 559 780 599 ubi
808 559 883 599 viri
910 559 1014 598 docti
1050 558 1234 599 facillime
1260 564 1402 609 poetae
1428 561 1516 600 red-

223 622 317 660 dere
343 626 528 671 possunt,
563 623 669 672 quod
697 623 877 662 amisisse
911 634 998 662 eum
1026 625 1187 672 putant,
1215 623 1268 661 ad
1290 635 1408 672 quam
1434 636 1517 663 rem

223 682 327 723 infra
355 684 580 725 redibimus.

324 747 512 787 Videmus
541 748 664 798 igitur
691 749 964 798 gravissimam
992 759 1169 796 causam,
1199 760 1277 798 qua
1305 749 1379 788 viri
1405 750 1514 788 docti

220 821 407 850 excusare
427 810 501 849 sibi
522 811 756 850 videbantur
774 812 1028 851 mutationem
1049 814 1109 851 tot
1134 811 1318 860 locorum,
1349 813 1400 851 ad
1426 813 1516 851 irri-

220 876 305 912 tum
334 873 483 912 cadere.
530 874 662 923 Atque
683 874 838 913 cautius
860 874 941 923 egit
961 877 1051 913 ante
1073 874 1329 914 Ritschelium
1349 874 1516 914 Bothius

221 935 260 974 in
299 935 444 975 fabulis
471 935 605 975 Plauti
633 937 793 975 edendis
822 940 939 986 atque
974 936 1229 975 Hermannus.
1284 936 1420 987 Neque
1456 940 1515 976 ta-

221 1002 387 1039 cuerunt
406 999 623 1038 adversarii
641 1003 732 1049 post
754 998 909 1039 fabulas
935 1011 958 1038 a
979 998 1194 1038 Ritschelio
1215 1000 1352 1039 editas.
1391 1000 1515 1051 Berg-

221 1062 310 1101 kius
350 1062 502 1101 monuit
529 1062 734 1110 (Zeitschr.
776 1062 841 1101 fiir
878 1063 915 1101 d.
944 1062 1384 1118 Altertumswissensch.
1415 1064 1518 1103 1850

221 1128 262 1165 et
284 1124 353 1176 51)
382 1125 421 1164 in
449 1123 629 1165 formulis
662 1124 770 1164 velut
796 1125 858 1164 hic
887 1125 1025 1164 tertius
1052 1138 1185 1164 annus
1213 1129 1253 1165 et
1285 1126 1325 1165 in
1353 1138 1515 1176 respon-

221 1189 276 1228 sis
313 1189 474 1228 verbum
515 1188 803 1228 substantivum
845 1189 975 1227 omitti
1015 1200 1140 1238 posse.
1206 1189 1278 1228 Cui
1311 1189 1516 1229 oblocutus

222 1254 283 1291 est
319 1251 559 1290 Ritschelius
598 1250 716 1300 (Mus.
755 1250 877 1289 Rhen.
917 1251 994 1289 VH
1029 1262 1093 1300 pg.
1129 1251 1224 1301 599)
1273 1255 1313 1291 et
1358 1252 1517 1291 Brixius

220 1313 471 1361 (Hirschfeld.
500 1313 634 1363 Progr.
666 1313 795 1362 1854),
835 1314 903 1363 qui
940 1317 1071 1353 tamen
1109 1314 1186 1353 iam
1223 1315 1377 1354 cautius
1415 1315 1515 1354 iudi-

222 1378 327 1427 cavit
364 1381 404 1417 et
444 1377 586 1416 statuit
625 1377 664 1416 in
699 1377 899 1425 responsis
940 1377 988 1416 de
1031 1389 1137 1417 more
1176 1378 1305 1416 omitti
1344 1378 1516 1418 verbum.

221 1442 352 1491 Atque
379 1440 465 1489 ipse
493 1439 743 1487 Ritschelius,
780 1451 867 1478 cum
895 1440 1163 1478 Trinummum
1191 1440 1333 1479 iterum
1372 1441 1517 1489 ederet,

220 1503 294 1543 hoc
331 1502 525 1543 concessit
563 1502 640 1550 ita,
680 1506 725 1541 ut
761 1502 858 1541 adeo
898 1506 1033 1541 contra
1067 1502 1187 1541 libros
1225 1505 1283 1542 est
1317 1503 1518 1543 omitteret

223 1566 328 1605 Trin.
358 1578 392 1605 v.
424 1566 547 1605 1176:
579 1564 677 1614 Quis
704 1564 812 1604 homo
841 1568 921 1604 tam
949 1565 1183 1604 tumultuoso
1209 1567 1341 1604 sonitu
1366 1578 1425 1605 me
1452 1578 1518 1605 ex-

224 1630 316 1669 civit
341 1628 481 1679 foras?
522 1628 767 1667 Benevolens
796 1630 888 1666 tuus
916 1630 1033 1678 atque
1060 1628 1234 1667 amicus:
1260 1628 1293 1667 B
1314 1628 1518 1669 amicus÷

224 1692 291 1731 OD
320 1692 537 1730 amicumst.
592 1692 724 1740 Atque
751 1691 792 1729 id
820 1691 978 1740 quidem
1007 1691 1294 1730 concedendum
1322 1694 1384 1730 est
1409 1713 1460 1718 —
1484 1691 1519 1729 si

223 1755 378 1795 omnino
406 1754 481 1793 viri
518 1754 626 1793 docti
661 1753 772 1793 libris
811 1766 886 1793 non
926 1754 1023 1793 satis
1053 1752 1252 1793 confidunt
1279 1776 1329 1780 --
1357 1753 1517 1793 verbum

224 1818 512 1860 substantivum
537 1829 613 1855 non
632 1817 760 1855 minus
789 1816 903 1856 facile
923 1817 1016 1856 addi
1035 1818 1214 1865 potuisse
1240 1829 1356 1866 quam
1376 1816 1516 1855 omitti.

222 1881 370 1921 Verum
397 1880 465 1930 qui
492 1879 609 1918 hodie
637 1873 759 1918 edunt
785 1879 918 1918 Plauti
945 1878 1099 1918 fabulas
1127 1879 1203 1918 viri
1231 1878 1337 1918 docti
1363 1879 1519 1916 mutant

223 1944 390 1983 totidem
429 1946 526 1992 quot
565 1945 681 1981 antea
719 1943 861 1982 mutati
904 1945 996 1982 sunt
1032 1941 1137 1981 locos
1173 1953 1298 1992 neque
1336 1939 1519 1979 dubitant

224 2009 272 2047 de
299 2006 504 2047 Ritschelii
543 2005 628 2055 lege
668 2017 824 2054 severa,
867 2017 968 2056 quae
996 2008 1056 2045 est
1083 2005 1249 2044 obnoxia
1283 2003 1518 2043 dubitationi

224 2071 490 2122 gravissimae.
531 2070 662 2119 Atque
678 2069 940 2119 Kiesslingius
956 2071 1192 2120 praeceptor
1208 2079 1317 2106 meus
1336 2066 1517 2106 doctissi-

224 2146 311 2173 mus
334 2137 451 2184 atque
477 2132 866 2171 benevolentissimus
889 2144 951 2171 me
978 2135 1024 2170 ut
1051 2131 1090 2169 in
1117 2131 1218 2168 hanc
1236 2141 1318 2168 rem
1346 2130 1517 2180 inquire-

224 2209 307 2236 rem
328 2197 588 2243 accuratius,
627 2195 862 2234 adhortatus
901 2198 981 2242 est,
1023 2197 1063 2232 et
1098 2193 1279 2242 quoniam
1315 2194 1433 2233 cardo
1460 2193 1518 2232 rei

223 2262 407 2299 versatur
443 2258 482 2297 in
510 2259 761 2308 quaestione,
798 2260 933 2295 utrum
959 2256 1095 2305 lingua
1121 2255 1264 2294 Latina
1291 2259 1331 2295 et
1356 2255 1517 2305 potissi·

225 2363 256 2391 p.
282 2355 361 2383 10⁷3
385 2351 434 2391 Ρ.)
456 2353 610 2381 invenisse
633 2352 690 2381 sibi
715 2351 898 2386 videbatur,
921 2350 987 2386 ipse
1009 2360 1070 2379 non
1094 2359 1149 2387 pro
1171 2354 1253 2379 certo
1278 2351 1445 2379 affirmavit
1466 2358 1518 2380 no-

225 2415 284 2443 que
307 2406 468 2442 quisquam
491 2405 604 2433 credet.
650 2405 708 2432 Illo
731 2404 820 2439 signo
842 2403 874 2432 -ζ-
896 2403 974 2431 nihil
1004 2403 1088 2431 aliud
1110 2403 1314 2440 significatum
1337 2406 1402 2440 est,
1427 2412 1518 2440 quam

224 2458 395 2496 Vergilium
418 2467 454 2487 eo
477 2458 546 2486 loco
570 2457 708 2486 omisisse
730 2456 859 2485 verbum
882 2455 1118 2486 substantivum.
