<?xml version="1.0" encoding="UTF-8"?>
<!DOCTYPE html PUBLIC "-//W3C//DTD XHTML 1.0 Transitional//EN"
    "http://www.w3.org/TR/xhtml1/DTD/xhtml1-transitional.dtd">
<html xmlns="http://www.w3.org/1999/xhtml" xml:lang="en" lang="en">
 <head>
  <title>
</title>
<meta http-equiv="Content-Type" content="text/html;charset=utf-8" />
  <meta name='ocr-system' content='tesseract 3.04.00' />
  <meta name='ocr-capabilities' content='ocr_page ocr_carea ocr_par ocr_line ocrx_word'/>
</head>
<body>
  <div class='ocr_page' id='page_1' title='image "4737253_0063.png"; bbox 0 0 1776 2893; ppageno 0'>
   <div class='ocr_carea' id='block_1_1' title="bbox 0 0 50 715">
    <p class='ocr_par' dir='ltr' id='par_1_1' title="bbox 0 0 50 715">
     <span class='ocr_line' id='line_1_1' title="bbox 0 0 50 715; baseline 0 2178"><span class='ocrx_word' id='word_1_1' title='bbox 0 0 50 715; x_wconf 95' lang='lat' dir='ltr'> </span> 
     </span>
    </p>
   </div>
   <div class='ocr_carea' id='block_1_2' title="bbox 0 1405 8 1816">
    <p class='ocr_par' dir='ltr' id='par_1_2' title="bbox 0 1382 8 1824">
     <span class='ocr_line' id='line_1_2' title="bbox 0 1405 8 1627; baseline 0 -30"><span class='ocrx_word' id='word_1_2' title='bbox 0 1405 8 1627; x_wconf 65' lang='grc' dir='ltr'>Ι</span> 
     </span>
     <span class='ocr_line' id='line_1_3' title="bbox 0 1631 5 1816; baseline 0 0"><span class='ocrx_word' id='word_1_3' title='bbox 0 1631 5 1816; x_wconf 65' lang='lat'><em>7</em></span> 
     </span>
    </p>
   </div>
   <div class='ocr_carea' id='block_1_3' title="bbox 772 209 1096 250">
    <p class='ocr_par' dir='ltr' id='par_1_3' title="bbox 772 209 1096 250">
     <span class='ocr_line' id='line_1_4' title="bbox 772 209 1096 250; baseline -0.015 0"><span class='ocrx_word' id='word_1_4' title='bbox 772 209 1096 250; x_wconf 85' lang='lat'>—53-.</span> 
     </span>
    </p>
   </div>
   <div class='ocr_carea' id='block_1_4' title="bbox 246 316 1548 2576">
    <p class='ocr_par' dir='ltr' id='par_1_4' title="bbox 261 316 1548 495">
     <span class='ocr_line' id='line_1_5' title="bbox 261 316 1545 367; baseline -0.002 -8"><span class='ocrx_word' id='word_1_5' title='bbox 261 319 426 359; x_wconf 78' lang='lat' dir='ltr'>anulum</span> <span class='ocrx_word' id='word_1_6' title='bbox 454 318 571 356; x_wconf 68' lang='lat' dir='ltr'>istum</span> <span class='ocrx_word' id='word_1_7' title='bbox 597 316 799 355; x_wconf 73' lang='lat' dir='ltr'>nanctus?</span> <span class='ocrx_word' id='word_1_8' title='bbox 825 316 945 355; x_wconf 90' lang='lat' dir='ltr'><strong>Andr.</strong></span> <span class='ocrx_word' id='word_1_9' title='bbox 973 328 1008 355; x_wconf 83' lang='lat' dir='ltr'>v.</span> <span class='ocrx_word' id='word_1_10' title='bbox 1036 316 1112 356; x_wconf 90' lang='grc'>202</span> <span class='ocrx_word' id='word_1_11' title='bbox 1137 317 1198 356; x_wconf 79' lang='lat' dir='ltr'>ita</span> <span class='ocrx_word' id='word_1_12' title='bbox 1224 320 1357 367; x_wconf 78' lang='lat' dir='ltr'>aperte</span> <span class='ocrx_word' id='word_1_13' title='bbox 1383 317 1474 357; x_wconf 81' lang='lat' dir='ltr'>rem&#39;</span> <span class='ocrx_word' id='word_1_14' title='bbox 1492 317 1545 356; x_wconf 88' lang='lat' dir='ltr'>lo-</span> 
     </span>
     <span class='ocr_line' id='line_1_6' title="bbox 262 375 1548 432; baseline -0.002 -9"><span class='ocrx_word' id='word_1_15' title='bbox 262 385 401 430; x_wconf 73' lang='lat' dir='ltr'>cubus;</span> <span class='ocrx_word' id='word_1_16' title='bbox 428 380 547 420; x_wconf 83' lang='lat' dir='ltr'>Haut.</span> <span class='ocrx_word' id='word_1_17' title='bbox 573 391 608 419; x_wconf 90' lang='lat' dir='ltr'>v.</span> <span class='ocrx_word' id='word_1_18' title='bbox 631 379 709 419; x_wconf 82' lang='lat'>815</span> <span class='ocrx_word' id='word_1_19' title='bbox 736 378 795 418; x_wconf 77' lang='lat' dir='ltr'>ita</span> <span class='ocrx_word' id='word_1_20' title='bbox 820 379 1005 427; x_wconf 67' lang='lat' dir='ltr'>merim,-</span> <span class='ocrx_word' id='word_1_21' title='bbox 1031 379 1161 419; x_wconf 88' lang='lat'>—580</span> <span class='ocrx_word' id='word_1_22' title='bbox 1186 379 1350 419; x_wconf 75' lang='lat' dir='ltr'>Homini</span> <span class='ocrx_word' id='word_1_23' title='bbox 1373 375 1483 432; x_wconf 63' lang='lat' dir='ltr'>fraqi</span> <span class='ocrx_word' id='word_1_24' title='bbox 1509 383 1548 420; x_wconf 77' lang='lat' dir='ltr'>et</span> 
     </span>
     <span class='ocr_line' id='line_1_7' title="bbox 263 441 929 495; baseline -0.009 -10"><span class='ocrx_word' id='word_1_25' title='bbox 263 443 516 495; x_wconf 75' lang='lat' dir='ltr'>temperantis</span> <span class='ocrx_word' id='word_1_26' title='bbox 540 442 705 493; x_wconf 75' lang='lat' dir='ltr'>functus</span> <span class='ocrx_word' id='word_1_27' title='bbox 733 441 929 491; x_wconf 66' lang='lat' dir='ltr'>officinam</span> 
     </span>
    </p>

    <p class='ocr_par' dir='ltr' id='par_1_5' title="bbox 260 503 1547 736">
     <span class='ocr_line' id='line_1_8' title="bbox 363 503 1545 557; baseline -0.001 -11"><span class='ocrx_word' id='word_1_28' title='bbox 363 506 500 557; x_wconf 80' lang='lat' dir='ltr'>Neque</span> <span class='ocrx_word' id='word_1_29' title='bbox 534 504 655 545; x_wconf 86' lang='lat' dir='ltr'>ullam</span> <span class='ocrx_word' id='word_1_30' title='bbox 704 505 764 544; x_wconf 77' lang='lat' dir='ltr'>u’s</span> <span class='ocrx_word' id='word_1_31' title='bbox 804 503 952 544; x_wconf 89' lang='lat' dir='ltr'>formae</span> <span class='ocrx_word' id='word_1_32' title='bbox 993 516 1130 544; x_wconf 84' lang='lat' dir='ltr'>ausam</span> <span class='ocrx_word' id='word_1_33' title='bbox 1170 504 1359 554; x_wconf 87' lang='lat' dir='ltr'>praebent</span> <span class='ocrx_word' id='word_1_34' title='bbox 1394 506 1422 545; x_wconf 91' lang='lat' dir='ltr'>ii</span> <span class='ocrx_word' id='word_1_35' title='bbox 1448 506 1545 555; x_wconf 85' lang='lat' dir='ltr'>loci,</span> 
     </span>
     <span class='ocr_line' id='line_1_9' title="bbox 260 567 1546 622; baseline -0.002 -11"><span class='ocrx_word' id='word_1_36' title='bbox 260 570 401 622; x_wconf 89' lang='lat' dir='ltr'>quibus</span> <span class='ocrx_word' id='word_1_37' title='bbox 442 570 482 609; x_wconf 91' lang='lat' dir='ltr'>in</span> <span class='ocrx_word' id='word_1_38' title='bbox 521 568 683 619; x_wconf 90' lang='lat' dir='ltr'>reliquis</span> <span class='ocrx_word' id='word_1_39' title='bbox 716 570 875 618; x_wconf 85' lang='lat' dir='ltr'>praeter</span> <span class='ocrx_word' id='word_1_40' title='bbox 908 568 1139 608; x_wconf 89' lang='lat' dir='ltr'>Bembinum</span> <span class='ocrx_word' id='word_1_41' title='bbox 1176 567 1287 607; x_wconf 90' lang='lat' dir='ltr'>libris</span> <span class='ocrx_word' id='word_1_42' title='bbox 1321 581 1360 607; x_wconf 89' lang='lat' dir='ltr'>es</span> <span class='ocrx_word' id='word_1_43' title='bbox 1387 568 1546 608; x_wconf 90' lang='lat' dir='ltr'>verbum</span> 
     </span>
     <span class='ocr_line' id='line_1_10' title="bbox 260 630 1547 683; baseline -0.003 -9"><span class='ocrx_word' id='word_1_44' title='bbox 260 634 359 674; x_wconf 90' lang='lat' dir='ltr'>illud</span> <span class='ocrx_word' id='word_1_45' title='bbox 395 632 553 683; x_wconf 85' lang='lat' dir='ltr'>quidem</span> <span class='ocrx_word' id='word_1_46' title='bbox 592 631 783 670; x_wconf 90' lang='lat' dir='ltr'>traditum</span> <span class='ocrx_word' id='word_1_47' title='bbox 824 633 904 680; x_wconf 85' lang='lat' dir='ltr'>est,</span> <span class='ocrx_word' id='word_1_48' title='bbox 932 631 1003 671; x_wconf 89' lang='lat' dir='ltr'>sed</span> <span class='ocrx_word' id='word_1_49' title='bbox 1028 642 1106 670; x_wconf 92' lang='lat' dir='ltr'>non</span> <span class='ocrx_word' id='word_1_50' title='bbox 1132 633 1225 681; x_wconf 89' lang='lat' dir='ltr'>post</span> <span class='ocrx_word' id='word_1_51' title='bbox 1250 630 1481 671; x_wconf 87' lang='lat' dir='ltr'>vocabulum</span> <span class='ocrx_word' id='word_1_52' title='bbox 1508 632 1547 671; x_wconf 93' lang='lat' dir='ltr'>in</span> 
     </span>
     <span class='ocr_line' id='line_1_11' title="bbox 263 693 849 736; baseline -0.007 0"><span class='ocrx_word' id='word_1_53' title='bbox 263 708 329 736; x_wconf 81' lang='lat' dir='ltr'>-us</span> <span class='ocrx_word' id='word_1_54' title='bbox 355 695 569 734; x_wconf 82' lang='lat' dir='ltr'><strong>terminans</strong></span> <span class='ocrx_word' id='word_1_55' title='bbox 597 693 849 733; x_wconf 86' lang='lat' dir='ltr'>collocatum:</span> 
     </span>
    </p>

    <p class='ocr_par' dir='ltr' id='par_1_6' title="bbox 361 756 1548 808">
     <span class='ocr_line' id='line_1_12' title="bbox 361 756 1548 808; baseline -0.001 -10"><span class='ocrx_word' id='word_1_56' title='bbox 361 758 516 798; x_wconf 89' lang='lat' dir='ltr'>Phorm.</span> <span class='ocrx_word' id='word_1_57' title='bbox 545 770 580 796; x_wconf 92' lang='lat' dir='ltr'>v.</span> <span class='ocrx_word' id='word_1_58' title='bbox 610 756 706 797; x_wconf 86' lang='lat'>798:</span> <span class='ocrx_word' id='word_1_59' title='bbox 747 756 853 807; x_wconf 74' lang='lat' dir='ltr'>Quid</span> <span class='ocrx_word' id='word_1_60' title='bbox 880 757 953 796; x_wconf 74' lang='lat' dir='ltr'>tu?</span> <span class='ocrx_word' id='word_1_61' title='bbox 989 758 1130 808; x_wconf 81' lang='lat' dir='ltr'><strong><em>ecquid</em></strong></span> <span class='ocrx_word' id='word_1_62' title='bbox 1155 758 1307 797; x_wconf 76' lang='lat' dir='ltr'>locutus</span> <span class='ocrx_word' id='word_1_63' title='bbox 1335 769 1421 797; x_wconf 85' lang='lat' dir='ltr'>cwm</span> <span class='ocrx_word' id='word_1_64' title='bbox 1447 758 1548 797; x_wconf 73' lang='lat' dir='ltr'>istac</span> 
     </span>
    </p>

    <p class='ocr_par' dir='ltr' id='par_1_7' title="bbox 365 820 1545 871">
     <span class='ocr_line' id='line_1_13' title="bbox 365 820 1545 871; baseline -0.002 -9"><span class='ocrx_word' id='word_1_65' title='bbox 365 822 485 862; x_wconf 88' lang='lat' dir='ltr'>ceteri</span> <span class='ocrx_word' id='word_1_66' title='bbox 503 820 604 869; x_wconf 85' lang='lat' dir='ltr'>libri,</span> <span class='ocrx_word' id='word_1_67' title='bbox 624 832 721 871; x_wconf 89' lang='lat' dir='ltr'>quos</span> <span class='ocrx_word' id='word_1_68' title='bbox 740 823 959 871; x_wconf 86' lang='lat' dir='ltr'>sequuntur</span> <span class='ocrx_word' id='word_1_69' title='bbox 975 820 1102 860; x_wconf 90' lang='lat' dir='ltr'>Bentl.</span> <span class='ocrx_word' id='word_1_70' title='bbox 1123 824 1163 861; x_wconf 92' lang='lat' dir='ltr'>et</span> <span class='ocrx_word' id='word_1_71' title='bbox 1181 820 1381 861; x_wconf 86' lang='lat' dir='ltr'>Fleckeis:</span> <span class='ocrx_word' id='word_1_72' title='bbox 1400 820 1480 860; x_wconf 78' lang='lat' dir='ltr'>ista</span> <span class='ocrx_word' id='word_1_73' title='bbox 1495 833 1545 868; x_wconf 70' lang='grc' dir='ltr'>οε,</span> 
     </span>
    </p>

    <p class='ocr_par' dir='ltr' id='par_1_8' title="bbox 360 879 1325 940">
     <span class='ocr_line' id='line_1_14' title="bbox 360 879 1325 940; baseline -0.001 -15"><span class='ocrx_word' id='word_1_74' title='bbox 360 884 569 925; x_wconf 86' lang='lat' dir='ltr'>falsissime</span> <span class='ocrx_word' id='word_1_75' title='bbox 594 883 800 934; x_wconf 87' lang='lat' dir='ltr'>Umpfenb,</span> <span class='ocrx_word' id='word_1_76' title='bbox 830 879 1028 940; x_wconf 46' lang='lat' dir='ltr'>‘locutu’s&#39;</span> <span class='ocrx_word' id='word_1_77' title='bbox 1057 885 1164 931; x_wconf 88' lang='lat' dir='ltr'>(vide</span> <span class='ocrx_word' id='word_1_78' title='bbox 1190 897 1227 935; x_wconf 89' lang='lat' dir='ltr'>p.</span> <span class='ocrx_word' id='word_1_79' title='bbox 1250 884 1325 934; x_wconf 72' lang='lat'>15)</span> 
     </span>
    </p>

    <p class='ocr_par' dir='ltr' id='par_1_9' title="bbox 360 947 1422 998">
     <span class='ocr_line' id='line_1_15' title="bbox 360 947 1422 998; baseline -0.001 -10"><span class='ocrx_word' id='word_1_80' title='bbox 360 948 515 988; x_wconf 87' lang='lat' dir='ltr'>Phorm.</span> <span class='ocrx_word' id='word_1_81' title='bbox 544 959 578 986; x_wconf 90' lang='lat' dir='ltr'>v.</span> <span class='ocrx_word' id='word_1_82' title='bbox 607 947 687 987; x_wconf 87' lang='lat'>550</span> <span class='ocrx_word' id='word_1_83' title='bbox 710 954 764 974; x_wconf 73' lang='lat'>&#39;—</span> <span class='ocrx_word' id='word_1_84' title='bbox 792 950 865 988; x_wconf 74' lang='lat' dir='ltr'>aut</span> <span class='ocrx_word' id='word_1_85' title='bbox 890 947 1081 998; x_wconf 76' lang='lat' dir='ltr'><strong><em>quidnam</em></strong></span> <span class='ocrx_word' id='word_1_86' title='bbox 1104 948 1302 997; x_wconf 74' lang='lat' dir='ltr'>factwms,</span> <span class='ocrx_word' id='word_1_87' title='bbox 1331 948 1422 987; x_wconf 76' lang='lat' dir='ltr'>cedo</span> 
     </span>
    </p>

    <p class='ocr_par' dir='ltr' id='par_1_10' title="bbox 362 1010 885 1060">
     <span class='ocr_line' id='line_1_16' title="bbox 362 1010 885 1060; baseline -0.004 -9"><span class='ocrx_word' id='word_1_88' title='bbox 362 1012 481 1051; x_wconf 88' lang='lat' dir='ltr'>ceteri</span> <span class='ocrx_word' id='word_1_89' title='bbox 506 1010 617 1049; x_wconf 88' lang='lat' dir='ltr'>libri:</span> <span class='ocrx_word' id='word_1_90' title='bbox 646 1022 740 1049; x_wconf 82' lang='lat' dir='ltr'>nam</span> <span class='ocrx_word' id='word_1_91' title='bbox 766 1023 807 1049; x_wconf 86' lang='lat' dir='ltr'>es</span> <span class='ocrx_word' id='word_1_92' title='bbox 831 1010 885 1060; x_wconf 82' lang='lat' dir='ltr'>f.;</span> 
     </span>
    </p>

    <p class='ocr_par' dir='ltr' id='par_1_11' title="bbox 359 1068 1369 1129">
     <span class='ocr_line' id='line_1_17' title="bbox 359 1068 1369 1129; baseline -0.001 -15"><span class='ocrx_word' id='word_1_93' title='bbox 359 1075 528 1114; x_wconf 77' lang='lat' dir='ltr'>editores</span> <span class='ocrx_word' id='word_1_94' title='bbox 555 1073 784 1113; x_wconf 88' lang='lat' dir='ltr'>falsissime:</span> <span class='ocrx_word' id='word_1_95' title='bbox 816 1068 1072 1129; x_wconf 74' lang='lat' dir='ltr'>facturu&#39;s’?</span> <span class='ocrx_word' id='word_1_96' title='bbox 1100 1073 1208 1123; x_wconf 91' lang='lat' dir='ltr'>(vide</span> <span class='ocrx_word' id='word_1_97' title='bbox 1234 1086 1270 1123; x_wconf 88' lang='lat' dir='ltr'>p.</span> <span class='ocrx_word' id='word_1_98' title='bbox 1300 1074 1369 1124; x_wconf 88' lang='grc'>24)</span> 
     </span>
    </p>

    <p class='ocr_par' dir='ltr' id='par_1_12' title="bbox 359 1136 1167 1187">
     <span class='ocr_line' id='line_1_18' title="bbox 359 1136 1167 1187; baseline -0.001 -10"><span class='ocrx_word' id='word_1_99' title='bbox 359 1137 479 1177; x_wconf 84' lang='lat' dir='ltr'><strong>Haut.</strong></span> <span class='ocrx_word' id='word_1_100' title='bbox 507 1150 542 1176; x_wconf 90' lang='lat' dir='ltr'>v.</span> <span class='ocrx_word' id='word_1_101' title='bbox 571 1137 648 1176; x_wconf 85' lang='grc'>823</span> <span class='ocrx_word' id='word_1_102' title='bbox 676 1137 731 1176; x_wconf 89' lang='lat' dir='ltr'>A:</span> <span class='ocrx_word' id='word_1_103' title='bbox 769 1136 882 1187; x_wconf 77' lang='lat' dir='ltr'>Quod</span> <span class='ocrx_word' id='word_1_104' title='bbox 907 1137 943 1176; x_wconf 83' lang='lat' dir='ltr'>ei</span> <span class='ocrx_word' id='word_1_105' title='bbox 966 1136 1167 1186; x_wconf 67' lang='lat' dir='ltr'>polhcitus</span> 
     </span>
    </p>

    <p class='ocr_par' dir='ltr' id='par_1_13' title="bbox 359 1199 879 1250">
     <span class='ocr_line' id='line_1_19' title="bbox 359 1199 879 1250; baseline -0.004 -9"><span class='ocrx_word' id='word_1_106' title='bbox 359 1200 500 1241; x_wconf 89' lang='lat' dir='ltr'>ceteri:</span> <span class='ocrx_word' id='word_1_107' title='bbox 529 1200 565 1240; x_wconf 83' lang='lat' dir='ltr'>ei</span> <span class='ocrx_word' id='word_1_108' title='bbox 592 1213 631 1240; x_wconf 84' lang='lat' dir='ltr'>es</span> <span class='ocrx_word' id='word_1_109' title='bbox 657 1199 879 1250; x_wconf 76' lang='lat' dir='ltr'>pollicitus:</span> 
     </span>
    </p>

    <p class='ocr_par' dir='ltr' id='par_1_14' title="bbox 330 1264 1434 1313">
     <span class='ocr_line' id='line_1_20' title="bbox 330 1264 1434 1313; baseline 0 -10"><span class='ocrx_word' id='word_1_110' title='bbox 330 1265 462 1304; x_wconf 90' lang='lat' dir='ltr'>.unde</span> <span class='ocrx_word' id='word_1_111' title='bbox 489 1264 657 1304; x_wconf 83' lang='lat' dir='ltr'>editores</span> <span class='ocrx_word' id='word_1_112' title='bbox 684 1266 955 1313; x_wconf 89' lang='lat' dir='ltr'>sumpserunt:</span> <span class='ocrx_word' id='word_1_113' title='bbox 985 1264 1140 1303; x_wconf 67' lang='lat' dir='ltr'>-cibu&#39;s‘?</span> <span class='ocrx_word' id='word_1_114' title='bbox 1167 1264 1274 1310; x_wconf 87' lang='lat' dir='ltr'>(vide</span> <span class='ocrx_word' id='word_1_115' title='bbox 1300 1276 1337 1313; x_wconf 89' lang='lat' dir='ltr'>p.</span> <span class='ocrx_word' id='word_1_116' title='bbox 1367 1264 1434 1312; x_wconf 91' lang='lat'>38)</span> 
     </span>
    </p>

    <p class='ocr_par' dir='ltr' id='par_1_15' title="bbox 254 1326 1541 1439">
     <span class='ocr_line' id='line_1_21' title="bbox 358 1326 1540 1376; baseline -0.001 -9"><span class='ocrx_word' id='word_1_117' title='bbox 358 1328 451 1367; x_wconf 90' lang='lat' dir='ltr'>Hec.</span> <span class='ocrx_word' id='word_1_118' title='bbox 476 1339 510 1366; x_wconf 81' lang='lat' dir='ltr'>v.</span> <span class='ocrx_word' id='word_1_119' title='bbox 531 1327 608 1366; x_wconf 83' lang='grc'>825</span> <span class='ocrx_word' id='word_1_120' title='bbox 635 1328 690 1366; x_wconf 87' lang='lat' dir='ltr'>A:</span> <span class='ocrx_word' id='word_1_121' title='bbox 722 1326 827 1376; x_wconf 77' lang='lat' dir='ltr'>Quid</span> <span class='ocrx_word' id='word_1_122' title='bbox 852 1326 1100 1365; x_wconf 68' lang='lat' dir='ltr'>emanimams</span> <span class='ocrx_word' id='word_1_123' title='bbox 1129 1327 1280 1365; x_wconf 83' lang='lat' dir='ltr'>obsecro</span> <span class='ocrx_word' id='word_1_124' title='bbox 1307 1339 1371 1366; x_wconf 82' lang='lat' dir='ltr'>es:</span> <span class='ocrx_word' id='word_1_125' title='bbox 1399 1328 1540 1366; x_wconf 84' lang='lat' dir='ltr'>ceteri:</span> 
     </span>
     <span class='ocr_line' id='line_1_22' title="bbox 254 1389 1541 1439; baseline -0.002 -9"><span class='ocrx_word' id='word_1_126' title='bbox 254 1403 294 1430; x_wconf 82' lang='lat' dir='ltr'>es</span> <span class='ocrx_word' id='word_1_127' title='bbox 321 1403 434 1429; x_wconf 68' lang='lat' dir='ltr'>eman.</span> <span class='ocrx_word' id='word_1_128' title='bbox 460 1389 588 1429; x_wconf 90' lang='lat' dir='ltr'>Bentl.</span> <span class='ocrx_word' id='word_1_129' title='bbox 618 1393 658 1429; x_wconf 89' lang='lat' dir='ltr'>et</span> <span class='ocrx_word' id='word_1_130' title='bbox 683 1389 760 1429; x_wconf 90' lang='lat' dir='ltr'>Fl.:</span> <span class='ocrx_word' id='word_1_131' title='bbox 800 1389 1060 1429; x_wconf 75' lang='lat' dir='ltr'>exanimatu&#39;s</span> <span class='ocrx_word' id='word_1_132' title='bbox 1094 1390 1246 1428; x_wconf 84' lang='lat' dir='ltr'>obsecro</span> <span class='ocrx_word' id='word_1_133' title='bbox 1276 1390 1381 1437; x_wconf 86' lang='lat' dir='ltr'>(vide</span> <span class='ocrx_word' id='word_1_134' title='bbox 1407 1402 1444 1439; x_wconf 89' lang='lat' dir='ltr'>p.</span> <span class='ocrx_word' id='word_1_135' title='bbox 1476 1391 1541 1437; x_wconf 90' lang='grc'>16)</span> 
     </span>
    </p>

    <p class='ocr_par' dir='ltr' id='par_1_16' title="bbox 251 1451 1541 1556">
     <span class='ocr_line' id='line_1_23' title="bbox 357 1451 1541 1502; baseline 0.001 -12"><span class='ocrx_word' id='word_1_136' title='bbox 357 1451 492 1502; x_wconf 88' lang='lat' dir='ltr'>Neque</span> <span class='ocrx_word' id='word_1_137' title='bbox 525 1452 649 1501; x_wconf 89' lang='lat' dir='ltr'>magis</span> <span class='ocrx_word' id='word_1_138' title='bbox 677 1452 861 1501; x_wconf 79' lang='lat' dir='ltr'>intellego</span> <span class='ocrx_word' id='word_1_139' title='bbox 874 1482 884 1500; x_wconf 91' lang='lat'>‚</span> <span class='ocrx_word' id='word_1_140' title='bbox 913 1463 982 1491; x_wconf 88' lang='lat' dir='ltr'>cur</span> <span class='ocrx_word' id='word_1_141' title='bbox 1007 1451 1245 1491; x_wconf 85' lang='lat' dir='ltr'>Fleckeisen.</span> <span class='ocrx_word' id='word_1_142' title='bbox 1284 1452 1343 1491; x_wconf 79' lang='lat' dir='ltr'>u’s</span> <span class='ocrx_word' id='word_1_143' title='bbox 1377 1451 1541 1491; x_wconf 85' lang='lat' dir='ltr'>formam</span> 
     </span>
     <span class='ocr_line' id='line_1_24' title="bbox 251 1515 450 1556; baseline -0.01 0"><span class='ocrx_word' id='word_1_144' title='bbox 251 1515 450 1556; x_wconf 83' lang='lat' dir='ltr'>induxerit</span> 
     </span>
    </p>

    <p class='ocr_par' dir='ltr' id='par_1_17' title="bbox 249 1577 1540 1696">
     <span class='ocr_line' id='line_1_25' title="bbox 354 1577 1540 1618; baseline -0.001 0"><span class='ocrx_word' id='word_1_145' title='bbox 354 1579 475 1618; x_wconf 86' lang='lat' dir='ltr'>Haut.</span> <span class='ocrx_word' id='word_1_146' title='bbox 499 1590 531 1617; x_wconf 91' lang='lat' dir='ltr'>v.</span> <span class='ocrx_word' id='word_1_147' title='bbox 552 1578 631 1617; x_wconf 88' lang='grc'>320</span> <span class='ocrx_word' id='word_1_148' title='bbox 656 1577 725 1616; x_wconf 92' lang='lat' dir='ltr'>ubi</span> <span class='ocrx_word' id='word_1_149' title='bbox 755 1588 887 1616; x_wconf 90' lang='lat' dir='ltr'>omnes</span> <span class='ocrx_word' id='word_1_150' title='bbox 915 1577 1008 1616; x_wconf 90' lang='lat' dir='ltr'>libri</span> <span class='ocrx_word' id='word_1_151' title='bbox 1033 1577 1195 1617; x_wconf 85' lang='lat' dir='ltr'>habent:</span> <span class='ocrx_word' id='word_1_152' title='bbox 1225 1600 1274 1604; x_wconf 89' lang='lat'>——</span> <span class='ocrx_word' id='word_1_153' title='bbox 1302 1577 1540 1617; x_wconf 77' lang='lat' dir='ltr'>multimodis</span> 
     </span>
     <span class='ocr_line' id='line_1_26' title="bbox 249 1635 1184 1696; baseline -0.002 -14"><span class='ocrx_word' id='word_1_154' title='bbox 249 1642 436 1690; x_wconf 78' lang='lat' dir='ltr'>iniurius,</span> <span class='ocrx_word' id='word_1_155' title='bbox 470 1638 649 1691; x_wconf 55' lang='lat' dir='ltr'>GliuPhO,</span> <span class='ocrx_word' id='word_1_156' title='bbox 678 1652 718 1680; x_wconf 84' lang='lat' dir='ltr'>es</span> <span class='ocrx_word' id='word_1_157' title='bbox 745 1663 795 1667; x_wconf 92' lang='lat'>—-</span> <span class='ocrx_word' id='word_1_158' title='bbox 823 1639 1034 1690; x_wconf 78' lang='lat' dir='ltr'>(nonnulliz</span> <span class='ocrx_word' id='word_1_159' title='bbox 1065 1635 1184 1696; x_wconf 60' lang='lat' dir='ltr'>tcss).</span> 
     </span>
    </p>

    <p class='ocr_par' dir='ltr' id='par_1_18' title="bbox 249 1702 1541 1880">
     <span class='ocr_line' id='line_1_27' title="bbox 354 1702 1538 1753; baseline -0.002 -9"><span class='ocrx_word' id='word_1_160' title='bbox 354 1705 415 1744; x_wconf 93' lang='lat' dir='ltr'>De</span> <span class='ocrx_word' id='word_1_161' title='bbox 451 1715 530 1753; x_wconf 88' lang='lat' dir='ltr'>qua</span> <span class='ocrx_word' id='word_1_162' title='bbox 568 1702 824 1742; x_wconf 82' lang='lat' dir='ltr'>collocatione</span> <span class='ocrx_word' id='word_1_163' title='bbox 863 1702 1038 1742; x_wconf 85' lang='lat' dir='ltr'>conferas</span> <span class='ocrx_word' id='word_1_164' title='bbox 1074 1702 1191 1742; x_wconf 88' lang='lat' dir='ltr'>velim</span> <span class='ocrx_word' id='word_1_165' title='bbox 1226 1703 1335 1742; x_wconf 89' lang='lat' dir='ltr'>velut</span> <span class='ocrx_word' id='word_1_166' title='bbox 1368 1703 1466 1742; x_wconf 90' lang='lat' dir='ltr'>Eun.</span> <span class='ocrx_word' id='word_1_167' title='bbox 1504 1716 1538 1742; x_wconf 88' lang='lat' dir='ltr'>v.</span> 
     </span>
     <span class='ocr_line' id='line_1_28' title="bbox 251 1764 1541 1817; baseline -0.001 -9"><span class='ocrx_word' id='word_1_168' title='bbox 251 1767 347 1808; x_wconf 85' lang='lat'>756:</span> <span class='ocrx_word' id='word_1_169' title='bbox 368 1766 477 1806; x_wconf 80' lang='lat' dir='ltr'>Num</span> <span class='ocrx_word' id='word_1_170' title='bbox 492 1764 785 1817; x_wconf 75' lang='lat' dir='ltr'>formidulosus,</span> <span class='ocrx_word' id='word_1_171' title='bbox 804 1765 967 1814; x_wconf 83' lang='lat' dir='ltr'>obsecro,</span> <span class='ocrx_word' id='word_1_172' title='bbox 987 1778 1026 1805; x_wconf 83' lang='lat' dir='ltr'>es</span> <span class='ocrx_word' id='word_1_173' title='bbox 1039 1766 1094 1806; x_wconf 83' lang='lat' dir='ltr'>mi</span> <span class='ocrx_word' id='word_1_174' title='bbox 1107 1765 1245 1806; x_wconf 73' lang='lat' dir='ltr'>homo?</span> <span class='ocrx_word' id='word_1_175' title='bbox 1272 1765 1350 1806; x_wconf 87' lang='lat' dir='ltr'>alia</span> <span class='ocrx_word' id='word_1_176' title='bbox 1364 1767 1541 1817; x_wconf 86' lang='lat' dir='ltr'>exempla</span> 
     </span>
     <span class='ocr_line' id='line_1_29' title="bbox 249 1830 480 1880; baseline -0.009 -10"><span class='ocrx_word' id='word_1_177' title='bbox 249 1830 338 1870; x_wconf 87' lang='lat' dir='ltr'>vide</span> <span class='ocrx_word' id='word_1_178' title='bbox 363 1842 400 1880; x_wconf 90' lang='lat' dir='ltr'>p.</span> <span class='ocrx_word' id='word_1_179' title='bbox 432 1830 480 1869; x_wconf 88' lang='lat'>16</span> 
     </span>
    </p>

    <p class='ocr_par' dir='ltr' id='par_1_19' title="bbox 248 1891 1541 2193">
     <span class='ocr_line' id='line_1_30' title="bbox 354 1891 1541 1943; baseline 0.002 -11"><span class='ocrx_word' id='word_1_180' title='bbox 354 1893 441 1933; x_wconf 90' lang='lat' dir='ltr'>Uno</span> <span class='ocrx_word' id='word_1_181' title='bbox 467 1892 554 1931; x_wconf 92' lang='lat' dir='ltr'>loco</span> <span class='ocrx_word' id='word_1_182' title='bbox 580 1891 679 1931; x_wconf 90' lang='lat' dir='ltr'>Eun.</span> <span class='ocrx_word' id='word_1_183' title='bbox 707 1904 742 1931; x_wconf 84' lang='lat' dir='ltr'>v.</span> <span class='ocrx_word' id='word_1_184' title='bbox 764 1892 853 1941; x_wconf 87' lang='lat'>854,</span> <span class='ocrx_word' id='word_1_185' title='bbox 882 1893 948 1941; x_wconf 87' lang='lat' dir='ltr'>(de</span> <span class='ocrx_word' id='word_1_186' title='bbox 973 1904 1050 1943; x_wconf 92' lang='lat' dir='ltr'>quo</span> <span class='ocrx_word' id='word_1_187' title='bbox 1078 1892 1168 1932; x_wconf 87' lang='lat' dir='ltr'>vide</span> <span class='ocrx_word' id='word_1_188' title='bbox 1195 1905 1232 1943; x_wconf 90' lang='lat' dir='ltr'>p.</span> <span class='ocrx_word' id='word_1_189' title='bbox 1261 1892 1329 1941; x_wconf 93' lang='grc'>22)</span> <span class='ocrx_word' id='word_1_190' title='bbox 1356 1892 1541 1943; x_wconf 89' lang='lat' dir='ltr'>perhibet</span> 
     </span>
     <span class='ocr_line' id='line_1_31' title="bbox 249 1954 1539 2008; baseline -0.001 -11"><span class='ocrx_word' id='word_1_191' title='bbox 249 1958 285 1997; x_wconf 92' lang='lat' dir='ltr'>A</span> <span class='ocrx_word' id='word_1_192' title='bbox 311 1956 469 2008; x_wconf 90' lang='lat' dir='ltr'>quidem</span> <span class='ocrx_word' id='word_1_193' title='bbox 494 1954 595 1995; x_wconf 92' lang='lat' dir='ltr'>illud</span> <span class='ocrx_word' id='word_1_194' title='bbox 622 1968 673 2003; x_wconf 84' lang='lat' dir='ltr'>es,</span> <span class='ocrx_word' id='word_1_195' title='bbox 701 1967 787 1995; x_wconf 88' lang='lat' dir='ltr'>cum</span> <span class='ocrx_word' id='word_1_196' title='bbox 806 1956 926 1995; x_wconf 90' lang='lat' dir='ltr'>ceteri</span> <span class='ocrx_word' id='word_1_197' title='bbox 953 1956 1043 1995; x_wconf 91' lang='lat' dir='ltr'>libri</span> <span class='ocrx_word' id='word_1_198' title='bbox 1071 1967 1116 1995; x_wconf 92' lang='lat' dir='ltr'>eo</span> <span class='ocrx_word' id='word_1_199' title='bbox 1144 1960 1315 2004; x_wconf 79' lang='lat' dir='ltr'>careant,</span> <span class='ocrx_word' id='word_1_200' title='bbox 1342 1957 1412 1995; x_wconf 88' lang='lat' dir='ltr'>sed</span> <span class='ocrx_word' id='word_1_201' title='bbox 1430 1957 1539 1996; x_wconf 86' lang='lat' dir='ltr'>vide-</span> 
     </span>
     <span class='ocr_line' id='line_1_32' title="bbox 248 2018 1536 2068; baseline -0.001 -8"><span class='ocrx_word' id='word_1_202' title='bbox 248 2023 315 2060; x_wconf 92' lang='lat' dir='ltr'>tur</span> <span class='ocrx_word' id='word_1_203' title='bbox 340 2020 380 2059; x_wconf 91' lang='lat' dir='ltr'>in</span> <span class='ocrx_word' id='word_1_204' title='bbox 398 2020 433 2058; x_wconf 89' lang='lat' dir='ltr'>A</span> <span class='ocrx_word' id='word_1_205' title='bbox 461 2018 685 2058; x_wconf 87' lang='lat' dir='ltr'>coniectura</span> <span class='ocrx_word' id='word_1_206' title='bbox 704 2029 790 2057; x_wconf 84' lang='lat' dir='ltr'>esse</span> <span class='ocrx_word' id='word_1_207' title='bbox 807 2019 1132 2068; x_wconf 85' lang='lat' dir='ltr'>suprascriptum,</span> <span class='ocrx_word' id='word_1_208' title='bbox 1161 2030 1239 2068; x_wconf 90' lang='lat' dir='ltr'>qua</span> <span class='ocrx_word' id='word_1_209' title='bbox 1266 2019 1301 2058; x_wconf 93' lang='lat' dir='ltr'>si</span> <span class='ocrx_word' id='word_1_210' title='bbox 1318 2019 1468 2058; x_wconf 85' lang='lat' dir='ltr'>utimur</span> <span class='ocrx_word' id='word_1_211' title='bbox 1496 2032 1536 2059; x_wconf 86' lang='lat' dir='ltr'>es</span> 
     </span>
     <span class='ocr_line' id='line_1_33' title="bbox 248 2080 1537 2133; baseline 0 -11"><span class='ocrx_word' id='word_1_212' title='bbox 248 2082 366 2133; x_wconf 89' lang='lat' dir='ltr'>plena</span> <span class='ocrx_word' id='word_1_213' title='bbox 391 2080 543 2132; x_wconf 86' lang='lat' dir='ltr'>syllaba</span> <span class='ocrx_word' id='word_1_214' title='bbox 579 2083 659 2130; x_wconf 88' lang='lat' dir='ltr'>est,</span> <span class='ocrx_word' id='word_1_215' title='bbox 686 2084 732 2120; x_wconf 92' lang='lat' dir='ltr'>ut</span> <span class='ocrx_word' id='word_1_216' title='bbox 758 2081 818 2120; x_wconf 82' lang='lat' dir='ltr'>u&#39;s</span> <span class='ocrx_word' id='word_1_217' title='bbox 844 2081 1106 2131; x_wconf 85' lang='lat' dir='ltr'>synaloephae</span> <span class='ocrx_word' id='word_1_218' title='bbox 1133 2093 1182 2121; x_wconf 93' lang='lat' dir='ltr'>ne</span> <span class='ocrx_word' id='word_1_219' title='bbox 1208 2081 1273 2121; x_wconf 89' lang='lat' dir='ltr'>hic</span> <span class='ocrx_word' id='word_1_220' title='bbox 1301 2082 1456 2132; x_wconf 90' lang='lat' dir='ltr'>quidem</span> <span class='ocrx_word' id='word_1_221' title='bbox 1484 2083 1537 2122; x_wconf 92' lang='lat' dir='ltr'>sit</span> 
     </span>
     <span class='ocr_line' id='line_1_34' title="bbox 248 2144 615 2193; baseline -0.005 -9"><span class='ocrx_word' id='word_1_222' title='bbox 248 2145 372 2185; x_wconf 89' lang='lat' dir='ltr'>ullum</span> <span class='ocrx_word' id='word_1_223' title='bbox 397 2144 615 2193; x_wconf 86' lang='lat' dir='ltr'>vestigium.</span> 
     </span>
    </p>

    <p class='ocr_par' dir='ltr' id='par_1_20' title="bbox 246 2207 1534 2576">
     <span class='ocr_line' id='line_1_35' title="bbox 352 2207 1534 2258; baseline 0.001 -11"><span class='ocrx_word' id='word_1_224' title='bbox 352 2208 437 2247; x_wconf 85' lang='lat' dir='ltr'>Iam</span> <span class='ocrx_word' id='word_1_225' title='bbox 464 2207 716 2247; x_wconf 87' lang='lat' dir='ltr'>enumerandi</span> <span class='ocrx_word' id='word_1_226' title='bbox 743 2211 836 2247; x_wconf 90' lang='lat' dir='ltr'>sunt</span> <span class='ocrx_word' id='word_1_227' title='bbox 862 2219 1011 2256; x_wconf 84' lang='lat' dir='ltr'>versus,</span> <span class='ocrx_word' id='word_1_228' title='bbox 1039 2207 1106 2258; x_wconf 92' lang='lat' dir='ltr'>qui</span> <span class='ocrx_word' id='word_1_229' title='bbox 1133 2208 1171 2246; x_wconf 89' lang='lat' dir='ltr'>in</span> <span class='ocrx_word' id='word_1_230' title='bbox 1198 2209 1234 2246; x_wconf 92' lang='lat' dir='ltr'>A</span> <span class='ocrx_word' id='word_1_231' title='bbox 1260 2219 1338 2247; x_wconf 91' lang='lat' dir='ltr'>non</span> <span class='ocrx_word' id='word_1_232' title='bbox 1366 2211 1534 2257; x_wconf 87' lang='lat' dir='ltr'>exstant,</span> 
     </span>
     <span class='ocr_line' id='line_1_36' title="bbox 248 2269 1533 2321; baseline 0 -9"><span class='ocrx_word' id='word_1_233' title='bbox 248 2273 320 2312; x_wconf 86' lang='lat' dir='ltr'>sed</span> <span class='ocrx_word' id='word_1_234' title='bbox 358 2271 398 2311; x_wconf 91' lang='lat' dir='ltr'>in</span> <span class='ocrx_word' id='word_1_235' title='bbox 434 2269 575 2321; x_wconf 88' lang='lat' dir='ltr'>quibus</span> <span class='ocrx_word' id='word_1_236' title='bbox 602 2271 638 2308; x_wconf 89' lang='lat' dir='ltr'>A</span> <span class='ocrx_word' id='word_1_237' title='bbox 666 2280 753 2309; x_wconf 91' lang='lat' dir='ltr'>cum</span> <span class='ocrx_word' id='word_1_238' title='bbox 790 2270 951 2321; x_wconf 88' lang='lat' dir='ltr'>reliquis</span> <span class='ocrx_word' id='word_1_239' title='bbox 979 2270 1221 2311; x_wconf 88' lang='lat' dir='ltr'>consensisse</span> <span class='ocrx_word' id='word_1_240' title='bbox 1248 2282 1294 2310; x_wconf 88' lang='lat' dir='ltr'>ex</span> <span class='ocrx_word' id='word_1_241' title='bbox 1309 2272 1533 2321; x_wconf 85' lang='lat' dir='ltr'>superiori-</span> 
     </span>
     <span class='ocr_line' id='line_1_37' title="bbox 246 2333 1532 2385; baseline -0.001 -9"><span class='ocrx_word' id='word_1_242' title='bbox 246 2335 319 2376; x_wconf 90' lang='lat' dir='ltr'>bus</span> <span class='ocrx_word' id='word_1_243' title='bbox 347 2334 533 2385; x_wconf 86' lang='lat' dir='ltr'>exemplis</span> <span class='ocrx_word' id='word_1_244' title='bbox 552 2333 763 2374; x_wconf 88' lang='lat' dir='ltr'>verisimile</span> <span class='ocrx_word' id='word_1_245' title='bbox 790 2338 871 2374; x_wconf 90' lang='lat' dir='ltr'>est:</span> <span class='ocrx_word' id='word_1_246' title='bbox 900 2335 1041 2385; x_wconf 90' lang='lat' dir='ltr'>reliqui</span> <span class='ocrx_word' id='word_1_247' title='bbox 1065 2338 1197 2375; x_wconf 90' lang='lat' dir='ltr'>autem</span> <span class='ocrx_word' id='word_1_248' title='bbox 1215 2334 1307 2374; x_wconf 91' lang='lat' dir='ltr'>libri</span> <span class='ocrx_word' id='word_1_249' title='bbox 1324 2335 1532 2385; x_wconf 90' lang='lat' dir='ltr'>praebent:</span> 
     </span>
     <span class='ocr_line' id='line_1_38' title="bbox 247 2396 1533 2449; baseline 0 -11"><span class='ocrx_word' id='word_1_250' title='bbox 247 2400 368 2438; x_wconf 88' lang='lat' dir='ltr'>Andr.</span> <span class='ocrx_word' id='word_1_251' title='bbox 397 2411 431 2438; x_wconf 86' lang='lat' dir='ltr'>v.</span> <span class='ocrx_word' id='word_1_252' title='bbox 460 2398 534 2438; x_wconf 84' lang='lat'>621</span> <span class='ocrx_word' id='word_1_253' title='bbox 578 2397 674 2447; x_wconf 80' lang='lat' dir='ltr'>quid</span> <span class='ocrx_word' id='word_1_254' title='bbox 699 2397 891 2437; x_wconf 76' lang='lat' dir='ltr'>meritus?</span> <span class='ocrx_word' id='word_1_255' title='bbox 937 2396 1125 2446; x_wconf 73' lang='lat' dir='ltr'>Crucem5</span> <span class='ocrx_word' id='word_1_256' title='bbox 1152 2410 1186 2436; x_wconf 87' lang='lat' dir='ltr'>v.</span> <span class='ocrx_word' id='word_1_257' title='bbox 1205 2398 1282 2437; x_wconf 81' lang='lat'>496</span> <span class='ocrx_word' id='word_1_258' title='bbox 1311 2398 1408 2449; x_wconf 79' lang='lat' dir='ltr'>quid</span> <span class='ocrx_word' id='word_1_259' title='bbox 1432 2399 1533 2438; x_wconf 81' lang='lat' dir='ltr'>veri-</span> 
     </span>
     <span class='ocr_line' id='line_1_39' title="bbox 248 2461 1533 2512; baseline 0.001 -11"><span class='ocrx_word' id='word_1_260' title='bbox 248 2462 342 2503; x_wconf 77' lang='lat' dir='ltr'>tus?</span> <span class='ocrx_word' id='word_1_261' title='bbox 382 2475 416 2502; x_wconf 90' lang='lat' dir='ltr'>v.</span> <span class='ocrx_word' id='word_1_262' title='bbox 445 2461 523 2501; x_wconf 84' lang='grc'>724</span> <span class='ocrx_word' id='word_1_263' title='bbox 549 2461 647 2512; x_wconf 80' lang='lat' dir='ltr'>quid</span> <span class='ocrx_word' id='word_1_264' title='bbox 671 2474 766 2501; x_wconf 78' lang='lat' dir='ltr'>nam</span> <span class='ocrx_word' id='word_1_265' title='bbox 791 2462 1051 2512; x_wconf 76' lang='lat' dir='ltr'>inceptwrus?</span> <span class='ocrx_word' id='word_1_266' title='bbox 1087 2461 1235 2512; x_wconf 75' lang='lat' dir='ltr'>Accipe</span> <span class='ocrx_word' id='word_1_267' title='bbox 1262 2475 1288 2501; x_wconf 85' lang='lat' dir='ltr'>a</span> <span class='ocrx_word' id='word_1_268' title='bbox 1313 2475 1394 2510; x_wconf 83' lang='lat' dir='ltr'>me,·</span> <span class='ocrx_word' id='word_1_269' title='bbox 1421 2463 1533 2503; x_wconf 91' lang='lat' dir='ltr'>Adel.</span> 
     </span>
     <span class='ocr_line' id='line_1_40' title="bbox 247 2524 1534 2576; baseline 0.002 -12"><span class='ocrx_word' id='word_1_270' title='bbox 247 2537 282 2564; x_wconf 85' lang='lat' dir='ltr'>v.</span> <span class='ocrx_word' id='word_1_271' title='bbox 311 2526 388 2566; x_wconf 85' lang='lat'>956</span> <span class='ocrx_word' id='word_1_272' title='bbox 415 2536 522 2565; x_wconf 68' lang='lat' dir='ltr'>‘nunc</span> <span class='ocrx_word' id='word_1_273' title='bbox 550 2528 592 2564; x_wconf 76' lang='lat' dir='ltr'>tu</span> <span class='ocrx_word' id='word_1_274' title='bbox 617 2537 827 2575; x_wconf 75' lang='lat' dir='ltr'>yermanus</span> <span class='ocrx_word' id='word_1_275' title='bbox 853 2526 912 2564; x_wconf 91' lang='lat' dir='ltr'>D:</span> <span class='ocrx_word' id='word_1_276' title='bbox 940 2538 1048 2565; x_wconf 76' lang='lat' dir='ltr'>nunc</span> <span class='ocrx_word' id='word_1_277' title='bbox 1076 2528 1118 2565; x_wconf 73' lang='lat' dir='ltr'>tu</span> <span class='ocrx_word' id='word_1_278' title='bbox 1144 2526 1197 2564; x_wconf 80' lang='lat' dir='ltr'>mi</span> <span class='ocrx_word' id='word_1_279' title='bbox 1225 2538 1264 2565; x_wconf 83' lang='lat' dir='ltr'>es</span> <span class='ocrx_word' id='word_1_280' title='bbox 1289 2538 1337 2576; x_wconf 82' lang='lat'>9:</span> <span class='ocrx_word' id='word_1_281' title='bbox 1364 2524 1400 2564; x_wconf 88' lang='lat' dir='ltr'><strong>G</strong></span> <span class='ocrx_word' id='word_1_282' title='bbox 1427 2539 1534 2566; x_wconf 77' lang='lat' dir='ltr'>nunc</span> 
     </span>
    </p>
   </div>
  </div>
 </body>
</html>
