1776 2893
761 182 1022 222 -71-

247 290 303 328 ad
340 288 494 327 Martis
528 287 632 325 mira
665 286 866 335 proluvies
910 286 987 325 noli
1023 287 1224 336 dubitare,
1264 290 1357 339 quin
1398 289 1535 329 Cicero

250 350 452 400 scripserit
478 349 548 399 qui
580 347 750 387 Casilini
778 350 815 386 et
845 347 1027 387 Calatiae
1053 349 1194 388 omisso
1221 353 1317 389 sunt
1342 351 1468 390 verbo.

351 412 427 451 Hic
453 411 571 450 etiam
593 421 893 449 commemorare
922 409 1018 448 mihi
1045 410 1162 449 liceat
1189 412 1282 450 Hor.
1310 411 1391 451 Sat.
1420 414 1471 461 ΙΙ,
1498 415 1535 462 3,

245 476 297 515 32
323 475 460 514 inanis
498 476 536 512 et
572 475 615 511 tu
652 472 838 521 stultique
872 485 995 522 prope
1034 485 1163 512 omnes
1200 474 1252 522 II,
1296 476 1328 521 1,
1356 475 1404 513 67
1442 488 1536 515 nwm

245 537 410 577 Laeuus
446 539 520 575 aut
554 536 623 585 qui
662 558 708 562 —-
747 535 915 586 Inyertio
951 536 1091 584 offensi
1128 539 1201 575 aut
1235 537 1339 576 laeso
1380 538 1535 578 doluere

245 599 435 639 Metello?
476 600 509 646 1,
529 598 566 646 9,
591 598 641 637 69
664 598 777 637 hodie
799 599 996 637 tricesim
1018 598 1201 646 sabbata,·
1227 598 1256 646 1,
1281 599 1341 648 10,
1360 600 1406 638 31
1441 601 1535 651 Qui-

243 663 358 701 rinus
384 660 481 700 Post
501 662 670 701 mediam
691 663 840 700 noctem
867 662 985 708 visus,
1015 674 1102 700 cum
1127 662 1281 700 somnia
1307 675 1412 701 vera.
1463 663 1535 703 Pe-

245 727 342 763 tron.
370 735 408 773 p.
435 724 499 771 36,
526 723 576 763 27
614 724 707 763 bene
742 735 814 762 nos
852 723 1055 771 habemus,
1097 727 1142 763 at
1174 725 1242 763 isti
1274 737 1424 776 nuyae,
1465 727 1533 776 qui

246 787 314 827 tibi
349 800 430 826 non
466 788 683 838 imperant,
725 785 814 826 aliis
854 786 970 825 locis:
1006 787 1069 835 35,
1108 788 1144 836 6,
1183 787 1246 834 23,
1284 787 1348 826 32.
1403 787 1534 828 Senec.

246 849 438 899 apocoloc.
468 849 490 899 ξ
520 850 540 888 1
570 849 665 889 haec
691 850 751 888 ita
777 862 873 888 vera
889 849 925 898 ¹)

348 912 460 950 Nunc
501 916 744 951 transeamus
780 912 832 950 ad
878 911 986 950 aliud
1022 923 1146 961 genus
1189 911 1454 961 exemplorum
1495 916 1536 951 et

244 973 476 1024 incipiamus
502 986 527 1013 a
555 985 680 1023 versu,
708 974 775 1023 qui
802 978 863 1014 est
890 975 1021 1024 magni
1049 974 1255 1014 momenti:

346 1037 454 1076 Asin.
483 1050 517 1077 v.
550 1037 624 1076 196
659 1037 733 1078 Ubi
762 1037 897 1085 illaec,
935 1050 1037 1087 quae
1069 1038 1160 1077 dedi
1191 1037 1313 1076 ante?
1340 1049 1369 1076 :t
1397 1037 1536 1077 Abusa

242 1113 336 1139 nam
362 1101 399 1139 si
426 1113 473 1139 ea
500 1101 695 1139 durarent
719 1100 815 1139 mihi

347 1163 411 1202 hic
439 1174 562 1212 neque
589 1163 628 1202 in
659 1162 963 1213 interrogatione
991 1174 1114 1212 neque
1151 1163 1189 1202 in
1219 1173 1403 1212 responso
1430 1164 1533 1213 posi-

243 1229 324 1264 tum
365 1230 426 1265 est
455 1227 614 1266 verbum
653 1226 951 1265 substantivum.
1005 1225 1193 1265 Videmus
1233 1226 1355 1274 igitur
1381 1238 1430 1266 ex
1458 1226 1531 1265 hoc

241 1288 417 1337 exemplo
442 1288 759 1336 luculentissime,
787 1298 903 1336 quam
934 1298 1007 1327 non
1037 1299 1189 1328 necesse
1218 1289 1269 1327 sit
1297 1291 1356 1327 est
1381 1288 1532 1328 insera-

240 1352 304 1388 tur
332 1350 370 1388 in
400 1351 595 1400 responsis
623 1351 671 1389 iis
699 1350 815 1399 locis,
844 1350 984 1400 quibus
1012 1350 1052 1389 in
1082 1349 1388 1399 interrogatione
1417 1355 1528 1391 ante-

241 1413 357 1460 cedit,
386 1413 493 1451 velut
522 1414 629 1453 Pers.
649 1426 684 1453 v.
705 1413 781 1453 644
815 1412 1054 1464 Capmsnest
1072 1413 1220 1461 pater?
1248 1413 1342 1452 Non
1369 1417 1531 1462 capam

239 1475 309 1515 sed
335 1476 440 1526 quod
465 1476 602 1516 habuit
622 1475 803 1527 perdidit
828 1475 872 1514 R.
903 1478 1061 1525 captust

345 1538 437 1578 Post
464 1540 532 1578 ubi
558 1539 751 1578 omittitur
776 1542 872 1577 sunt
897 1539 1016 1577 etiam

344 1601 432 1641 Men
469 1615 504 1642 v.
525 1601 602 1642 278
626 1602 721 1642 Non
740 1602 866 1642 hercle
888 1614 998 1642 vero:
1025 1614 1054 1641 :2
1090 1600 1165 1642 Ubi
1183 1602 1366 1642 convivae
1386 1603 1529 1643 ceteri?

345 1665 411 1704 ubi
440 1665 573 1704 hiatus
600 1677 789 1714 personae
817 1670 993 1704 mutatae
1021 1665 1266 1713 aliquantum
1294 1666 1450 1714 impulit
1476 1667 1527 1705 ad

240 1727 483 1766 mutandum.
537 1727 588 1766 Et
606 1728 652 1766 R.
682 1730 720 1766 et
739 1727 917 1767 Mueller.
946 1727 1225 1766 desiderabant
1251 1730 1346 1766 sunt
1361 1728 1527 1777 scripse-

238 1793 406 1838 runtque
436 1791 517 1845 tubi
542 1785 663 1829 swnt'.
709 1790 932 1830 Posteriore
950 1795 1082 1829 autem
1110 1793 1285 1838 tempore
1303 1791 1349 1830 R.
1370 1791 1528 1839 scripsit

236 1853 376 1891 verod:
419 1856 627 1900 utrumque
666 1851 875 1899 inutiliter;
927 1863 1001 1890 non
1043 1851 1145 1890 enim
1184 1851 1317 1890 hiatus
1353 1852 1541 1900 offendit,

237 1924 363 1953 sermo
390 1918 449 1953 est
475 1915 638 1964 integer,
666 1915 769 1964 quod
798 1918 965 1964 apparet
992 1926 1039 1954 ex
1060 1913 1127 1953 illo
1150 1915 1255 1953 Asin.
1278 1926 1392 1954 versu
1416 1919 1458 1955 et
1479 1927 1526 1954 ex

340 1976 437 2015 Eun.
478 1977 544 2024 IV,
574 1977 608 2024 7,
639 1977 703 2015 10:
751 1976 825 2017 Ubi
851 1977 954 2029 alit?
1010 1977 1088 2026 Qui
1118 1976 1266 2015 malum
1293 1977 1393 2016 alii?
1420 1977 1526 2016 solus

236 2037 389 2079 Sannio
415 2043 548 2079 servat
572 2040 675 2079 domi
689 2041 725 2088 2)

322 2189 353 2222 1)
377 2187 469 2223 Verg.
491 2188 567 2215 Aen.
592 2188 631 2223 X,
657 2189 715 2216 286
748 2188 826 2215 ultro
858 2196 1046 2215 occurramus
1077 2187 1121 2214 ad
1150 2186 1277 2220 undam,
1310 2186 1388 2213 Dum
1417 2185 1528 2221 trepidi

234 2239 414 2274 corneisque
448 2239 551 2267 labant
582 2240 706 2276 vestim
727 2240 831 2275 prima
839 2249 851 2275 ;
883 2239 986 2275 Geor-g
1007 2240 1062 2273 111,
1094 2241 1153 2267 165
1187 2239 1264 2266 Dum
1285 2238 1401 2274 faciles
1431 2239 1527 2266 animi

235 2291 378 2327 iuvenum,
402 2292 470 2319 dum
491 2290 608 2320 mobilis
628 2296 712 2320 aetas
722 2302 735 2328 ;
764 2291 854 2320 Ovid.
877 2292 956 2320 Med.
980 2292 1022 2327 11,
1048 2292 1106 2320 750
1128 2291 1227 2318 nullae
1249 2291 1280 2318 in
1292 2290 1397 2326 fronte
1418 2291 1522 2326 minae,

229 2353 335 2379 pacem
366 2345 459 2372 vultm
491 2343 596 2379 habet;
629 2345 720 2381 Prop.
744 2345 779 2378 V,
805 2346 832 2379 1,
866 2344 923 2371 135
946 2348 979 2371 at
1007 2347 1039 2370 tu
1063 2343 1143 2378 finge
1166 2343 1275 2378 elegos,
1300 2342 1407 2379 fallax
1428 2352 1523 2379 opus,-

236 2396 307 2423 haec
330 2401 382 2423 tua
405 2400 526 2430 cautra;
547 2396 600 2431 lv,
624 2396 654 2430 5,
679 2397 695 2421 2
720 2399 767 2422 sat
788 2395 861 2422 mati
880 2404 942 2422 cum
965 2394 1084 2422 domina
1098 2395 1218 2430 proelia
1239 2394 1317 2422 dura
1336 2403 1408 2421 mea.

321 2446 352 2487 2)
375 2446 467 2484 Prop.
490 2447 545 2483 lv,
571 2450 619 2483 ll,
645 2447 682 2476 67
707 2447 793 2475 Nunc
815 2446 866 2474 uhi
887 2446 1048 2483 Scipiadae
1071 2447 1197 2482 classes,
1228 2446 1279 2475 ubi
1298 2446 1383 2483 siqua
1405 2445 1526 2476 Gummi

234 2500 294 2528 Aut
314 2501 399 2529 modo
420 2500 559 2537 Pompeia
581 2500 711 2535 Bosporo
733 2504 822 2535 capta
843 2500 955 2527 manu?
