1776 2893
753 213 1012 253 ..49-

344 318 413 358 ubi
439 316 669 356 iniuriumst
694 327 766 365 per
792 327 835 355 se
861 319 969 355 stare
995 320 1146 367 potest,
1173 330 1263 357 nam
1290 321 1408 359 etiam
1434 321 1523 361 Aul.

243 394 277 421 v.
307 381 383 421 256
410 379 607 419 invenitur
631 391 692 417 me
717 378 779 417 illi
805 379 927 417 irasci
952 379 1181 420 iniuriumst
1207 384 1247 420 et
1264 382 1374 423 Adel.
1393 396 1428 423 v.
1450 384 1525 423 106

242 448 285 486 tu
320 456 426 485 nunc
462 442 530 482 tibi
555 441 610 481 Id
645 442 757 481 laudi
784 434 930 489 εἴκαζε)
956 443 1059 492 quod
1085 445 1166 482 tum
1201 444 1331 493 fecisti
1356 446 1524 495 inopia?

241 508 489 548 Iniwriumst.
543 504 683 553 Itaque
721 504 956 553 cogitaverit
992 506 1186 555 quispiam
1213 507 1443 546 iniuriumst
1465 520 1526 548 re-

241 572 367 611 tinere
402 571 442 608 et
479 567 547 618 qui
583 570 737 606 mutare
763 567 803 606 in
830 567 875 607 si.
928 566 1064 619 Neque
1090 580 1182 608 vero
1210 580 1308 619 opus
1337 573 1415 618 est3
1457 571 1527 610 sed

241 633 397 672 minime
423 629 608 668 debemus
636 630 863 668 emendare:
898 631 1074 669 iniurius
1100 643 1150 677 es,
1177 643 1267 669 nam
1296 644 1336 670 es
1363 644 1387 670 a
1413 643 1529 670 versu

241 707 317 734 non
352 692 545 732 toleratur
580 691 656 731 nisi
691 691 876 731 coalitum
912 703 1000 732 cum
1037 705 1123 741 -us‚
1161 694 1272 733 cuius
1308 693 1528 734 coalitionis

242 757 368 796 adhuc
407 758 555 793 certum
590 755 740 794 nullum
776 759 906 795 exstat
944 756 1183 805 exemplum:
1224 758 1420 803 iniurius,
1461 757 1530 806 qui

235 821 352 871 petas
377 820 439 857 est
465 817 568 856 idem
596 817 777 857 dictionis
803 829 926 869 genus
953 818 1059 870 quod
1084 818 1327 870 fortunatus,
1355 820 1424 870 qui
1450 819 1528 860 sies

243 883 296 932 (p.
325 882 407 930 32),
444 884 483 919 et
519 881 728 921 habuimus
765 882 864 921 Rud.
902 895 936 921 v.
978 883 1079 922 1152
1116 886 1159 922 tu
1194 883 1370 923 iniurius
1409 883 1527 933 Epid.

241 957 275 983 v.
303 944 378 983 551
416 943 551 993 inique
586 944 772 984 iniurius.
829 945 914 984 Hoc
950 948 1082 985 autem
1122 944 1208 985 loco
1247 946 1365 985 etiam
1403 945 1445 985 id
1483 957 1528 985 eo

241 1006 450 1047 verisimile
478 1009 539 1045 est
566 1020 606 1046 es
631 1019 843 1058 numquam
869 1008 1011 1058 fuisse,
1039 1009 1144 1059 quod
1172 1008 1442 1048 coniunctivus
1468 1020 1529 1048 se-

242 1071 387 1120 quitur,
415 1081 531 1119 quam
559 1070 598 1108 in
626 1081 707 1109 rem
736 1072 977 1111 accurratius
1005 1072 1245 1121 inquiremus
1274 1072 1329 1121 (p.
1357 1071 1437 1122 61).

346 1132 426 1172 Mil.
457 1145 491 1172 v.
523 1132 624 1173 1223
634 1132 685 1174 Ut
711 1135 841 1174 amari
865 1134 998 1175 videor
1026 1147 1053 1174 ::
1081 1133 1254 1186 Diynns.

346 1195 412 1235 BC
438 1196 627 1245 praebent
657 1198 815 1252 (diynus
841 1192 926 1246 est',
953 1198 989 1236 D
1020 1198 1179 1252 tdiynus
1206 1192 1285 1245 es',·

345 1261 478 1298 statuo
517 1262 575 1299 est
606 1260 800 1310 quondam
840 1260 1017 1300 additum
1043 1259 1164 1300 fuisse
1191 1259 1239 1300 ab
1268 1259 1419 1310 aliquo,
1459 1260 1529 1311 qui

240 1322 407 1362 nesciret
443 1323 483 1362 in
521 1323 603 1362 eius
640 1324 746 1363 modi
785 1324 957 1363 breviter
989 1324 1187 1373 responsis
1227 1324 1363 1363 deesse
1403 1323 1530 1363 solere

241 1385 420 1435 verbum3
448 1386 665 1426 invenimus
687 1390 817 1427 autem
836 1386 1000 1437 lepidus,
1017 1387 1191 1426 iniurius
1211 1386 1355 1427 similia
1373 1386 1429 1437 (p.
1446 1386 1527 1437 31).

343 1449 485 1489 Adhuc
502 1450 625 1499 igitur
643 1450 792 1489 nullum
820 1454 969 1490 certum
997 1450 1148 1489 exstitit
1164 1449 1396 1499 exemplum,
1423 1451 1529 1500 quod

239 1523 309 1551 nos
327 1515 483 1561 cogeret
501 1515 677 1552 statuere
702 1512 981 1564 synaloepham
1003 1513 1080 1552 -u’s
1107 1523 1153 1552 ex
1175 1525 1240 1552 -us
1268 1515 1307 1552 et
1328 1525 1368 1552 es
1387 1515 1526 1552 ortam.

241 1574 395 1615 Certius
423 1579 554 1615 autem
582 1576 799 1626 exemplum
826 1577 952 1616 videri
978 1579 1131 1627 potest:

344 1637 456 1688 Capt.
494 1651 528 1678 v.
557 1640 634 1680 965
672 1640 771 1681 sa'tis
805 1640 1033 1690 facundus:
1070 1639 1138 1678 sed
1177 1639 1259 1678 iam
1293 1639 1383 1689 fieri
1420 1639 1527 1679 dieta

242 1703 444 1752 compendi
469 1703 554 1741 volo

344 1763 436 1804 libri
464 1765 565 1804 enim
592 1765 737 1805 habent
772 1765 835 1806 hic
869 1776 1002 1805 omnes
1027 1764 1229 1815 facundus
1256 1776 1307 1813 e3‚
1334 1764 1404 1804 sed
1430 1775 1526 1804 usus

239 1828 447 1869 Plautinus
475 1829 672 1879 postulat,
711 1832 757 1870 ut
783 1828 848 1869 hic
874 1840 914 1869 es
940 1828 1166 1877 omittatur,
1205 1827 1307 1867 sicut
1333 1828 1373 1867 in
1413 1828 1527 1884 ‘satis

240 1892 380 1941 locuti,
433 1893 532 1933 satis
567 1893 740 1942 iocatus,
789 1893 907 1933 nimis
942 1886 1136 1932 molestus’
1184 1895 1224 1932 et
1257 1892 1297 1931 in
1334 1891 1527 1932 similibus

241 1956 295 2006 (p.
335 1956 428 2005 30);
471 1969 510 1995 es
546 1960 677 1996 autem
720 1956 820 1996 falso
859 1956 953 1995 addi·
988 1955 1166 2006 potuisse
1206 1955 1324 1994 etiam
1365 1967 1412 1995 ex
1448 1955 1526 1995 alio

240 2020 416 2070 exemplo
442 2019 704 2069 intellegimus
718 2051 727 2069 ,
764 2019 832 2059 ubi
857 2031 970 2059 nemo
1009 2020 1103 2069 quin
1130 2019 1290 2058 verbum
1319 2018 1528 2059 delendum

1365 2094 1402 2121 s:

240 2136 304 2185 sit,
332 2135 507 2175 dubitat:
537 2135 637 2176 Men.
666 2147 700 2175 v.
728 2135 807 2174 424
832 2134 951 2174 habet
976 2133 1028 2173 B:
1066 2136 1177 2173 tanto
1203 2134 1360 2185 neqiore
1402 2146 1529 2185 neque

240 2199 339 2238 illud
376 2212 415 2239 es
442 2211 466 2238 a
491 2210 605 2238 versu
643 2198 837 2238 toleratur
865 2201 904 2237 et
937 2199 1046 2236 tanto
1073 2197 1238 2246 nequior
1265 2201 1326 2237 est
1352 2197 1422 2237 illa
1447 2197 1526 2237 for-

240 2262 366 2313 mula,
404 2263 453 2302 de
488 2273 567 2313 qua
600 2261 800 2311 Hauptius
828 2260 908 2311 egit
931 2260 1062 2310 Opusc
1089 2259 1141 2309 H,
1170 2260 1265 2309 3233
1304 2261 1526 2301 Invenimus

240 2326 363 2365 enim:
401 2325 509 2365 Pers.
546 2325 623 2365 326
659 2328 701 2365 et
736 2325 848 2363 Truc.
886 2323 982 2363 953:
1022 2325 1132 2362 tanto
1165 2324 1300 2364 melior
1336 2324 1454 2365 Bach.
1490 2335 1525 2363 v.

241 2389 315 2428 211
354 2402 403 2429 en
437 2401 518 2428 non
553 2388 749 2428 tantulum
785 2399 960 2437 unquam
994 2387 1219 2427 intermittit
1253 2390 1402 2438 tempus
1430 2387 1528 2437 quin

241 2465 328 2492 eum
354 2453 536 2492 nominet.
566 2464 594 2490 ::
626 2451 754 2491 Tanto
791 2451 916 2490 hercle
942 2450 1078 2490 melior
1091 2481 1101 2498 ,
1140 2450 1207 2490 ubi
1234 2449 1391 2489 difficile
1418 2450 1527 2489 dictu

242 2518 321 2566 est,
368 2516 463 2566 quid
508 2515 768 2565 supplendum
818 2514 870 2553 sit
910 2514 1158 2564 cogitatione.
1220 2513 1280 2552 Ex
1324 2525 1402 2563 quo
1439 2512 1526 2553 loco

1251 2583 1271 2616 4
