1776 2893
751 139 1015 179 —13-

232 240 387 282 sensum
438 245 481 282 et
519 254 591 291 per
630 253 673 281 se
720 241 873 281 firmum
886 272 897 291 ‚
943 242 1057 292 quia,
1100 245 1144 281 tu
1181 251 1393 291 pronomen
1438 243 1531 280 ante

237 303 365 344 cedit:

340 366 460 407 Merc.
487 380 523 408 v.
550 366 630 407 964
671 370 885 418 propterea
921 368 1045 419 iyitur
1081 369 1125 406 tu
1158 368 1377 414 mercatus,
1414 377 1535 405 novos

234 432 403 479 amator,
431 433 542 470 vetus
560 430 698 480 puer?

342 492 457 533 Nunc
474 491 697 534 accedimus
723 493 775 533 ad
803 506 929 533 ausus
955 492 1218 543 participium,
1245 491 1307 530 cui
1336 491 1530 541 quomodo

234 565 392 605 semper
425 555 627 606 potuerint
661 554 738 595 viri
778 555 886 596 docti
922 569 963 596 es
999 554 1161 596 verbum
1197 553 1431 603 obtrudere,
1467 553 1533 594 vix

238 617 413 667 perspici
439 620 594 668 potest:

344 679 462 730 Epid.
504 692 541 720 v.
583 680 661 719 710
710 680 818 730 Qum·
856 680 954 719 amre
992 679 1148 720 ausus?
1173 691 1204 719 z:
1236 679 1341 729 Quia
1378 679 1434 718 mi
1472 679 1531 718 lu-

238 742 420 783 bitumst.-

345 816 583 858 quamquam
619 806 655 844 A
691 816 844 854 quoque
882 818 1007 845 ausus
1042 805 1185 853 habet,
1221 808 1352 844 tamen
1396 804 1534 843 Goetz.

240 867 409 907 ausu's?

343 930 486 970 Pseud.
523 942 560 970 v.
587 930 665 969 348
717 930 823 980 Quor
860 930 905 969 id
942 942 1066 970 ausus
1099 929 1267 980 facere?
1305 942 1336 969 2:
1371 929 1533 978 Lubuit‚

236 1006 325 1032 mea
350 994 443 1042 fuit.
495 993 586 1033 Aul.
604 1006 649 1044 ⁴v.
677 993 765 1032 740.
823 993 930 1042 Quor
965 993 1011 1031 id
1047 1005 1171 1032 ausus
1206 993 1361 1042 facere,
1399 995 1446 1031 ut
1479 993 1535 1039 id,

238 1055 343 1105 quod
368 1067 450 1095 nori
477 1058 588 1095 tuwm
616 1058 724 1102 esset,
756 1054 988 1106 Tauyeres?

345 1117 449 1158 Men.
477 1129 513 1158 V.
539 1117 619 1157 482
654 1117 706 1159 Ut
731 1118 979 1167 surrupuisti
1006 1120 1042 1157 te
1067 1117 1165 1157 mihi
1186 1118 1335 1157 dudum
1362 1118 1410 1157 de
1434 1118 1535 1167 foro,

345 1179 498 1220 Fecisti
522 1181 650 1230 funus
675 1181 764 1219 med
795 1180 947 1219 absenti
968 1180 1157 1230 prandio.

350 1240 433 1281 Gur
459 1255 584 1283 ausus
608 1243 755 1293 facere,
783 1243 876 1292 quoi
903 1254 970 1293 eyo
997 1255 1120 1292 aeque
1146 1242 1257 1282 heres
1283 1241 1422 1281 eram?

349 1303 413 1343 Sic
432 1305 680 1354 distinguunt
698 1306 745 1345 R.
763 1309 803 1346 et
822 1306 979 1356 Ussing.
999 1309 1040 1345 et
1058 1305 1236 1345 scribunt
1254 1305 1390 1344 ausu’s
1417 1303 1537 1352 falso;

243 1378 324 1417 qua
343 1367 383 1405 in
411 1367 665 1408 distinctione
683 1368 945 1418 supplendum
963 1371 1026 1408 est
1044 1378 1257 1417 pronomen
1277 1368 1325 1416 ei,
1352 1367 1405 1406 ad
1437 1367 1541 1416 quod

246 1430 339 1480 quoi
365 1428 577 1470 relativum
616 1430 822 1471 referatur.
877 1432 992 1480 Quod
1031 1435 1077 1471 ut
1103 1430 1270 1471 evitaret
1308 1434 1349 1471 et
1375 1437 1421 1470 ut
1450 1430 1542 1481 quoi

245 1493 298 1532 ad
317 1494 499 1543 prandio
525 1494 817 1534 substantivum
845 1493 1078 1541 referretur,
1117 1493 1296 1532 distinxit
1322 1493 1541 1533 Vahlenus:

239 1556 432 1605 prandio,
462 1568 533 1595 cur
558 1568 684 1595 ausus
708 1556 856 1605 facere,
884 1556 976 1606 quoi
994 1555 1091 1607 eqo?
1131 1554 1196 1595 Sic
1214 1554 1405 1596 habemus
1422 1566 1542 1595 unum

244 1618 491 1658 enuntiatum
504 1649 513 1666 ‚
554 1618 587 1658 si
627 1631 698 1658 cur
725 1632 849 1659 ausus
874 1619 1009 1669 facere
1045 1618 1166 1658 verba
1193 1629 1235 1657 se
1262 1618 1464 1668 applicant
1492 1618 1543 1657 ad

245 1680 378 1729 fecisti
417 1680 581 1720 verbum
608 1679 775 1719 finitum.
831 1681 940 1728 Quae
968 1684 1171 1720 structura
1198 1680 1330 1720 Plauti
1357 1680 1544 1730 simplici-

247 1742 324 1781 tati
352 1753 428 1781 non
456 1745 563 1792 apta,
604 1743 675 1782 sed
703 1742 818 1782 nimis
848 1746 1027 1783 contorta
1053 1746 1127 1783 est.
1182 1742 1224 1782 Si
1252 1754 1339 1783 cum
1367 1742 1545 1782 Vahleno

246 1804 389 1844 faciam
402 1836 412 1854 ,
450 1809 494 1844 ut
523 1806 616 1855 quoi
642 1806 806 1845 accedat
833 1806 884 1844 ad
906 1806 1150 1855 prandim,
1194 1816 1266 1855 ego
1304 1806 1544 1856 distinguam

247 1867 380 1916 fecisti
416 1867 544 1917 funus
577 1881 626 1907 m.
654 1880 693 1907 α.
713 1868 913 1918 prandio,
941 1890 992 1896 -
1021 1880 1093 1908 cur
1131 1880 1255 1908 ausus
1288 1868 1454 1918 facere?
1494 1890 1546 1898 -

253 1931 346 1980 quoi
374 1943 442 1981 eyo
468 1944 593 1980 aeque
627 1931 738 1970 heres
765 1932 904 1970 eram?
941 1943 1066 1980 neque
1102 1932 1205 1971 enim
1243 1931 1548 1980 interrogatione

253 2005 324 2032 cur
351 2005 476 2032 ausus
501 1993 667 2042 facere?
694 2005 747 2033 sc.
773 1994 901 2043 furius
928 1994 1136 2033 interiecta
1155 1992 1395 2042 dirumpitur
1420 2004 1547 2032 sermo

252 2058 293 2094 et
334 2053 503 2095 fortasse
539 2055 638 2095 bene
676 2056 971 2095 demonstratur
1008 2066 1158 2095 summa
1184 2055 1403 2105 indignatio
1430 2066 1547 2106 para-

252 2117 321 2155 siti
347 2117 563 2156 iratissimi.
607 2117 685 2156 Sed
712 2120 804 2156 utut
831 2121 904 2165 est,
937 2117 1092 2157 minime
1120 2118 1334 2157 desiderari
1362 2118 1481 2158 debet
1510 2132 1550 2158 es

254 2178 417 2218 verbum
431 2208 440 2226 ‚
478 2180 583 2228 quod
610 2179 679 2218 illa
706 2179 909 2228 superiora
935 2180 1115 2230 exempla
1151 2180 1370 2221 docuerunt
1392 2183 1445 2221 'et
1480 2182 1549 2221 do-

254 2244 345 2281 cent
372 2244 601 2290 praeterea:

362 2303 478 2352 Epid.
516 2314 553 2342 v.
594 2303 670 2342 697
716 2304 805 2353 Qua
849 2305 1001 2354 fiducia
1040 2319 1165 2346 ausus
1202 2306 1399 2356 primum,
1449 2320 1551 2357 quae

261 2369 433 2416 emptast
456 2366 608 2405 nudius
636 2367 785 2415 tertius,

366 2428 519 2469 Filiam
544 2441 671 2468 mecvm
698 2430 827 2470 dicere
854 2431 966 2471 esse?
993 2444 1024 2471 :1
1052 2432 1214 2480 Lubuit,
1242 2445 1289 2472 ea
1314 2432 1477 2482 fiducia.
