1776 2893
775 138 837 176 '-
892 149 1048 188 74—

272 252 414 292 omitti.
457 253 607 293 Deinde
626 254 823 293 invenitur
841 255 949 293 itane
969 257 1011 294 et
1030 255 1209 294 itanest?
1262 255 1315 294 Et
1338 255 1445 304 Quid
1465 255 1567 295 hoc?

274 315 414 354 Pseud.
445 327 478 353 v.
511 316 633 364 1246;
663 317 761 366 quid
786 317 918 357 istuc?
948 316 1066 357 Bach.
1087 329 1122 356 v.
1142 317 1241 365 583;
1271 317 1367 367 quid
1384 317 1455 356 hoc
1482 318 1567 357 est?

270 376 413 416 Pseud.
444 389 477 416 v,
506 378 603 427 2463
632 380 730 429 quid
756 380 800 419 id
827 383 884 419 est
911 380 1013 419 Men.
1043 391 1077 419 v,
1107 379 1205 428 6303
1234 378 1324 419 alia.

376 441 460 479 Iam
499 442 545 481 R.
593 443 784 482 concessit
830 442 1012 482 Plautum
1059 442 1264 492 scripsisse
1303 445 1360 481 est
1399 441 1564 481 omisso:

270 504 413 542 mirum
440 505 495 551 ni,
532 506 676 543 mirum
705 507 802 555 quin
837 505 946 545 velut
972 505 1088 545 Most.
1117 516 1152 543 v,
1180 505 1258 545 493
1286 505 1442 544 Mirum
1470 505 1567 554 quin

269 567 453 616 vigilanti
489 567 656 614 diceret;
706 567 812 607 Pers.
851 568 950 615 433;
990 568 1079 607 Aul.
1116 568 1190 615 85;
1233 567 1373 616 Amph.
1416 578 1449 605 ν.
1488 567 1566 606 315

269 628 425 667 Mirum
465 630 510 667 ni
545 630 607 668 hic
634 643 694 668 me
724 653 770 657 -—
802 644 982 669 exossare
1021 632 1187 681 coyitat;
1224 642 1259 668 v.
1293 630 1368 668 947
1399 629 1565 676 Mirum,

270 692 367 739 quid
393 692 500 730 solus
526 705 656 731 secum
683 696 829 731 secreto
866 693 932 732 ille
960 696 1074 743 ayat;
1114 693 1227 742 Epid.
1255 704 1290 731 v.
1319 692 1397 730 414
1423 692 1566 730 mirum

269 753 337 791 hoc
366 755 435 803 qui
455 755 590 803 potuit
615 756 715 804 fieri.

378 816 431 855 Et
457 817 491 856 si
520 818 739 857 invenimus
767 819 885 858 etiam
913 820 1056 858 mirum
1083 820 1118 858 si
1144 819 1255 858 Truc.
1284 830 1318 856 v.
1346 817 1425 857 305
1452 817 1568 856 Nihil

269 880 413 918 mirum
444 903 489 907 —
521 880 663 919 lateres
701 884 847 920 veteres
885 883 920 920 si
955 885 1095 929 ruont,
1136 882 1181 920 R.
1220 893 1294 920 non
1336 885 1441 919 recte
1470 879 1565 918 mihi

270 947 443 982 mutasse
472 943 629 982 videtur

375 1005 456 1043 Mil.
487 1017 520 1043 V.
552 1006 653 1044 1040
689 1010 841 1045 ecastor
876 1007 974 1045 haut
1006 1008 1171 1052 mirum,
1212 1007 1248 1044 si
1285 1006 1401 1044 habes
1429 1017 1566 1044 carum

268 1066 479 1106 Hominem
507 1071 587 1107 tam
607 1069 807 1118 pulcrum,

376 1129 441 1169 ubi
468 1131 515 1169 R.
542 1132 724 1170 mirumst
750 1135 786 1171 te
796 1146 809 1179 ;
845 1133 915 1170 sed
953 1136 1011 1171 est
1044 1142 1376 1180 supervacaneum
1405 1134 1487 1177 est,
1525 1134 1566 1168 et

267 1191 300 1229 si
339 1194 374 1230 te
413 1192 612 1242 ponimus,
649 1193 893 1243 aliquantum
933 1193 1078 1242 leporis
1114 1193 1219 1232 illius
1246 1203 1382 1231 versus
1417 1191 1499 1231 sine
1529 1194 1564 1230 te

270 1255 466 1303 perspicui
495 1256 608 1304 perit.
664 1256 781 1295 Falso
809 1257 966 1296 addidit
993 1258 1039 1296 R.
1068 1260 1124 1295 est
1151 1256 1272 1294 etiam

373 1316 473 1355 Men.
503 1330 537 1356 v.
566 1318 644 1357 335
674 1319 717 1357 R.
746 1319 916 1358 Minime
944 1319 1071 1358 hercle
1097 1319 1263 1357 mirum:
1290 1329 1433 1356 morem
1460 1316 1565 1356 hunc

265 1381 487 1419 meretrices
514 1381 667 1429 habent,
696 1393 784 1421 nam
815 1382 877 1421 hic
906 1382 1040 1421 hiatus
1066 1382 1105 1420 in
1135 1392 1296 1421 caesura
1315 1384 1356 1419 et
1383 1380 1421 1419 in
1441 1391 1566 1429 pausa

267 1443 458 1481 neminem
488 1443 683 1483 offendere
723 1445 841 1484 debet
869 1449 909 1484 et
936 1444 983 1484 cf.
1013 1445 1090 1484 Cic.
1119 1444 1169 1482 ad
1198 1443 1289 1482 fam.
1317 1443 1419 1490 XVI,
1451 1442 1511 1490 15,
1539 1444 1564 1481 2

265 1506 402 1555 accepi
439 1509 547 1546 tuam
583 1509 793 1558 epistulam
819 1508 1098 1549 vacillantibus
1126 1508 1285 1554 litteris,
1325 1520 1395 1546 nec
1421 1507 1565 1547 mirum

267 1571 348 1606 tam
373 1571 487 1619 yravi
513 1571 653 1610 morbo.

369 1631 504 1681 Neque
532 1633 702 1673 debebat
731 1633 919 1674 Fleckeis.
946 1634 1127 1673 mirumst
1153 1631 1322 1671 scribere

372 1695 515 1743 Amph.
535 1708 568 1735 v.
588 1696 667 1735 596
695 1696 834 1736 Nihilo
861 1697 1025 1745 inquam
1051 1697 1195 1734 mirum
1212 1695 1338 1744 mayis
1366 1694 1435 1733 uba·
1462 1695 1563 1733 istuc

267 1768 386 1805 quam
412 1757 507 1796 mihi

373 1819 438 1858 ubi
467 1821 625 1860 omissio
654 1822 772 1861 etiam
810 1823 912 1861 istuc
940 1821 1165 1870 pronomine
1195 1818 1418 1860 defenditur
1445 1823 1484 1859 et
1512 1819 1560 1859 ef.

265 1883 316 1921 ad
336 1881 426 1921 fam.
456 1884 560 1933 XVI„
589 1885 652 1931 21,
682 1885 706 1922 2
739 1886 851 1924 cuius
880 1887 915 1923 te
942 1883 1220 1923 sollicitudinis
1240 1886 1277 1922 et
1295 1882 1439 1922 doloris
1459 1896 1561 1933 par-

267 1947 422 1994 ticipem
467 1948 593 1995 fuisse
637 1951 772 1985 notum
816 1948 1139 1996 exploratumque
1185 1949 1243 1984 est
1274 1945 1369 1984 mihi
1410 1958 1482 1984 nec
1520 1947 1562 1985 iol

264 2008 418 2046 mirum.
749 2014 756 2019 '

372 2072 513 2121 Itaque
560 2084 607 2111 ne
648 2071 729 2111 Mil.
769 2084 803 2110 v.
841 2072 917 2111 321
959 2073 1116 2121 quidem
1164 2083 1250 2110 cum
1290 2072 1335 2110 R.
1374 2071 1559 2111 debemus

264 2135 444 2172 mirumst
470 2133 640 2173 scribere
668 2135 737 2174 sed

371 2198 528 2237 Mirum
567 2198 658 2238 lolio
695 2199 845 2238 victare
885 2201 920 2237 te
958 2201 1038 2237 tam
1072 2198 1141 2237 vili
1179 2198 1307 2237 tricito
1346 2197 1428 2245 (BC
1454 2199 1560 2238 miru

260 2261 388 2309 folio),

372 2335 462 2362 nam
501 2324 605 2373 quod
643 2324 890 2363 accusativus
930 2335 1018 2363 cum
1059 2322 1250 2363 infinitivo
1277 2322 1340 2362 hic
1368 2324 1557 2373 sequitur,

262 2386 309 2426 cf.
340 2388 388 2424 ad
419 2386 511 2425 fam.
538 2386 585 2433 V,
618 2388 676 2433 13,
704 2388 728 2425 3
764 2389 899 2436 itaque
937 2387 1105 2426 alterum
1142 2387 1273 2426 minus
1299 2385 1441 2425 mirum
1475 2388 1558 2436 for-

264 2451 399 2489 tiorem
428 2452 464 2489 te
492 2462 593 2497 esse,
633 2462 718 2488 cum
754 2450 910 2499 aliquid
935 2462 1088 2499 spereS‚
1127 2450 1296 2489 alterum
1321 2450 1464 2489 mirmn
1489 2462 1558 2499 spe
