1776 2893
777 165 1037 205 —90-

265 271 400 317 coepta
428 264 628 319 eoeequafr',
669 282 758 308 nam
797 270 916 309 etiam
943 270 1086 310 Accius
1122 269 1194 319 frg.
1224 269 1319 309 202:
1361 283 1462 320 quae
1488 283 1555 322 eyo

262 331 411 381 incipio
440 334 583 371 conata
611 345 784 383 exequar
1170 333 1189 385 j

367 394 447 434 Mil.
476 407 510 434 V.
539 396 617 435 395
643 395 730 436 BC:
771 396 924 436 Facere
953 399 1109 436 certum.
1136 397 1192 435 A:
1232 399 1379 435 eertum
1404 400 1463 435 est
1487 409 1554 437 ne-

263 469 338 507 que
365 456 451 498 fieri
478 470 554 497 non
579 459 721 508 potuit,
749 463 795 499 ut
822 462 882 499 est
905 459 945 499 in
972 458 1048 500 fine
1075 471 1212 500 versus
1240 458 1460 499 adderetur.

371 520 635 570 Substantiva‚
665 534 689 561 a
715 523 858 573 quibus
884 524 1031 577 pendet
1049 521 1275 571 infinitivus,
1304 523 1554 563 inveniuntur

263 585 346 624 sine
375 587 432 623 est
457 585 563 634 apud
589 585 704 634 Verg.
727 587 822 626 Aen.
842 587 911 634 IV,
941 587 1016 625 113
1044 586 1113 625 tibi
1137 587 1205 636 fas
1231 586 1407 625 animum
1435 589 1554 636 temp-

263 650 349 686 tare
378 648 584 697 precando
619 648 686 696 IV,
724 649 802 689 565
837 662 918 688 uon
955 649 1064 700 fuyis
1105 648 1197 688 hinc
1230 661 1426 699 praeceps
1462 649 1555 689 dum

256 711 529 761 praecipitare
559 712 768 761 potestas?
812 712 928 762 Prop.
966 712 1018 760 11,
1060 712 1093 760 1,
1132 711 1181 750 47
1220 711 1309 751 laus
1342 712 1388 751 iu
1425 724 1555 752 amore

264 775 374 821 mori,
404 774 494 814 laus
512 775 641 814 altera
658 776 695 814 si
713 776 857 823 datur;
884 776 915 823 Ι,
943 776 980 823 2,
1010 775 1060 814 23
1088 774 1325 814 Praesertim
1354 775 1388 814 si
1406 775 1553 815 inveni-

262 849 349 876 mus
377 838 485 887 apud
513 836 654 877 Catull.
684 839 747 887 62,
775 839 819 877 3:
857 851 1017 889 surpere
1051 838 1132 876 iam
1170 840 1320 887 tempus
1356 837 1438 877 imm
1457 838 1553 887 piu-

260 900 349 949 9uis
379 899 555 949 linquere
575 913 731 939 mensas
759 904 799 940 et
818 902 912 939 Aen.
940 901 1029 948 XII,
1061 901 1135 940 157
1164 912 1244 939 nou
1271 900 1458 939 lacrumis
1484 900 1554 939 hoe

262 964 423 1012 tempus,
461 963 523 1002 ait
550 962 745 1002 Saturnia
783 962 888 1002 Iuno
925 962 1040 1013 Prop.
1070 963 1123 1012 ΙΙ,
1154 963 1213 1012 10,
1252 963 1270 1002 1
1301 962 1370 1002 sed
1405 965 1555 1012 tempus

261 1025 434 1065 lustrare
473 1025 566 1065 aliis
592 1025 790 1065 Helicona
829 1026 975 1066 choreis
1001 1026 1110 1066 haud
1137 1026 1217 1066 scio
1245 1038 1294 1065 an
1321 1024 1422 1065 falso
1450 1026 1553 1066 desi-

261 1088 421 1127 deretur
453 1084 542 1143 ‘est'

365 1151 473 1191 Asin.
513 1164 547 1191 v.
588 1153 665 1192 912
703 1152 871 1202 Tempus
910 1152 1125 1192 subducere
1166 1151 1257 1191 hinc
1296 1164 1370 1199 me,
1410 1152 1553 1202 pulcre

259 1227 339 1253 nou
365 1215 497 1265 yliscit
515 1216 715 1265 proelium
741 1216 786 1254 In
814 1216 846 1254 B
875 1216 986 1254 deest
1014 1218 1071 1254 est
1096 1215 1215 1254 etiam
1243 1215 1381 1264 Amph.
1411 1227 1445 1253 v.
1474 1215 1553 1254 529

263 1277 431 1327 Tempus
460 1301 508 1304 —-
538 1277 644 1317 exire
681 1291 729 1317 ex
766 1277 860 1317 urbe
889 1278 1130 1327 priusquam
1169 1277 1340 1316 lucescat
1372 1277 1456 1317 volo
1482 1278 1554 1317 sed

259 1340 323 1379 hic
359 1344 464 1380 recte
500 1341 669 1380 additur.
725 1339 862 1390 Neque
888 1352 982 1379 vero
1021 1340 1252 1379 mutandum
1279 1351 1417 1380 censeo
1444 1340 1551 1380 Asin.

259 1415 293 1441 v.
323 1404 371 1443 37
376 1405 400 1442 6
438 1404 525 1443 dieo
551 1406 598 1442 ut
622 1415 720 1442 usus
745 1403 836 1453 sieri
862 1403 1045 1454 quoniam
1074 1403 1193 1442 etiam
1221 1415 1319 1453 opus
1346 1405 1420 1451 est,
1448 1403 1554 1453 quod

259 1467 361 1505 idem
390 1465 597 1515 significat,
625 1467 709 1505 sine
737 1470 794 1506 est
821 1478 937 1516 saepe
966 1467 1174 1507 invenitur.

364 1529 501 1579 Neque
541 1530 747 1579 quisquam
776 1529 980 1569 obvertere
1015 1529 1131 1569 debet
1158 1528 1281 1569 multo
1309 1529 1467 1579 saepius
1495 1529 1552 1568 in-

259 1593 383 1631 veniri
421 1592 557 1642 plenas
596 1592 806 1641 formulas,
844 1605 934 1632 nam
972 1594 1196 1632 conceditur
1223 1592 1407 1631 Plautum
1436 1596 1553 1647 ‘certa

257 1650 335 1693 res'
381 1655 465 1694 sine
501 1658 559 1694 est
601 1655 824 1704 scripsisse,
873 1666 1109 1705 quamquam
1152 1655 1309 1704 saepius
1350 1657 1408 1693 est
1442 1654 1551 1693 addi-

259 1720 343 1756 tum
374 1720 453 1757 est:

365 1780 484 1819 Stich.
513 1792 547 1818 v.
576 1781 651 1820 437
698 1781 879 1820 Promitte
908 1793 936 1819 :z
971 1778 1175 1820 Certumst.
1205 1791 1233 1817 :2
1263 1777 1330 1819 Sic
1363 1780 1454 1829 face
1490 1780 1551 1819 in-

259 1855 378 1893 quam
406 1855 436 1882 2:
472 1841 591 1883 Certa
616 1857 680 1884 res

363 1906 430 1944 ubi
450 1909 508 1945 est
524 1906 639 1946 facile
654 1907 693 1945 in
713 1906 789 1945 fine
808 1918 946 1945 versus
963 1906 1057 1944 addi
1075 1906 1208 1954 potuit
1226 1917 1251 1944 a
1269 1905 1410 1945 ceteris
1429 1905 1550 1954 libris,

258 1969 362 2019 quod
390 1969 424 2007 A
451 1981 528 2008 non
548 1968 687 2017 habet;
716 1969 786 2009 sed
808 1967 888 2009 Mil.
908 1982 942 2009 v.
964 1969 1038 2008 297
1069 1968 1209 2009 ceteri:
1238 1968 1318 2009 Res
1338 1971 1553 2019 paratust:

257 2032 297 2070 vi
326 2032 625 2082 puyuaudoque
664 2032 854 2071 homiuem
889 2044 1030 2081 capere
1070 2034 1176 2070 certa
1211 2044 1285 2079 res,
1312 2032 1347 2070 A
1376 2034 1554 2081 caperest

259 2096 366 2133 certa
394 2107 479 2142 res;
517 2094 633 2135 Mero.
663 2107 696 2134 v,
727 2095 800 2134 857
830 2095 864 2133 B
892 2105 1048 2145 quoque
1074 2093 1214 2133 habet:
1254 2097 1361 2133 certa
1387 2097 1467 2133 rest
1492 2107 1551 2133 me

258 2170 446 2206 quaerere
474 2157 540 2205 (Cz
583 2171 646 2197 res
675 2158 771 2208 est);
812 2158 911 2197 Rud.
940 2170 974 2196 v.
1006 2157 1082 2196 175
1108 2156 1293 2206 legimus:
1333 2157 1489 2196 horsum
1515 2157 1552 2196 si

259 2220 438 2269 capessit,
466 2221 578 2260 salva
605 2234 691 2268 res;
720 2233 753 2259 v.
785 2221 883 2260 1037
915 2223 1064 2259 autem:
1092 2218 1216 2270 Euye,
1243 2219 1356 2260 sa'lva
1380 2220 1443 2259 res
1470 2222 1550 2260 est:

251 2284 410 2332 praeda
437 2283 532 2322 haec
553 2287 790 2334 perpetuast
814 2297 900 2323 mea
930 2283 1085 2322 Certius
1113 2282 1329 2332 exemplum
1358 2286 1418 2322 est
1436 2283 1548 2332 Capt.

257 2359 291 2384 v.
321 2346 398 2384 448
429 2345 552 2397 Perye
580 2347 635 2385 ad
662 2347 786 2386 alios:
824 2347 935 2385 venio
964 2346 1019 2385 ad
1055 2345 1154 2384 alios
1182 2346 1321 2385 deiude
1348 2346 1403 2385 ad
1429 2346 1550 2386 alios:

256 2422 341 2448 una
367 2422 430 2448 res
456 2408 514 2447 Fl.
542 2408 693 2447 frustra
721 2410 809 2447 add.
840 2413 915 2456 est;
953 2408 1129 2458 Geppert
1167 2409 1324 2459 quidem
1351 2411 1549 2459 nunquam

257 2473 416 2521 scripsit
444 2475 526 2513 rest
552 2473 622 2513 sed
640 2472 784 2522 ubique
812 2475 869 2513 est
895 2476 942 2512 ut
969 2471 1067 2512 falso
1087 2472 1263 2511 additum
1283 2472 1416 2511 omisit
1442 2471 1549 2510 velut
