1776 2893
728 213 985 254 „85-

220 331 308 361 nam
351 320 517 357 metrum
558 317 705 355 corruit
742 311 831 371 ‘est‘
869 316 984 357 verbo
1021 318 1168 368 addito,
1207 320 1264 359 ita
1291 323 1335 359 ut
1361 322 1406 361 R.
1435 322 1502 372 qui

219 382 315 423 illud
342 384 400 422 est
426 379 604 428 retineat,
632 383 796 430 cogatur
822 380 1012 420 scribere:
1041 380 1138 431 ὁρας
1165 382 1264 423 dolis
1291 388 1356 424 est.
1383 385 1503 425 Domi

219 458 299 486 esse
324 444 381 484 ad
415 455 501 483 eam
534 455 637 490 rem,
673 443 776 492 quod
805 454 930 493 neque
968 443 1107 483 melius
1133 447 1194 483 est
1220 456 1343 496 neque
1370 459 1498 488 neces-

219 507 374 549 sarium.
427 505 552 546 Vetus
578 505 699 546 codex
729 505 895 546 tradidit
920 505 1031 546 nobis
1057 517 1190 546 veram
1216 507 1431 549 lectionem.

323 569 434 619 Gapt.
472 579 506 607 v,
540 566 618 606 589
655 567 814 607 Ardent
851 569 976 608 oculi:
1010 568 1109 618 fune
1150 582 1247 619 opus
1284 571 1410 623 Heyio
1445 573 1502 612 Fl.

219 632 375 674 scribit:
411 631 585 684 Heyiost,
613 642 691 681 qua
719 630 970 672 collocatione
998 644 1071 672 non
1100 633 1393 674 commendatur
1419 648 1502 676 cor-

218 695 359 743 rectio;
387 706 475 734 nam
504 695 632 734 minus
659 695 799 734 durum
828 698 889 735 est
915 695 1001 734 Per.
1022 707 1057 735 v,
1077 696 1156 736 584
1182 696 1229 736 Si
1256 697 1325 736 tibi
1350 699 1503 738 vaenis-

217 761 296 799 sest
321 770 418 808 opus
453 760 493 797 et
521 757 625 797 Trin.
655 757 730 798 887
768 770 866 808 opus
900 758 1047 809 factost
1084 759 1251 808 viatico‚·
1292 760 1502 801 secundum

219 832 319 872 quae
346 824 478 860 nostro
505 820 589 860 loco
617 824 738 860 esset:
764 822 903 871 fumet
929 834 1037 871 opus.

322 882 463 932 Amph.
491 894 526 922 v,
562 883 663 924 1038
703 882 809 934 Quid
844 896 941 934 opus
974 896 1034 923 me
1070 883 1274 934 oidvocato,
1317 887 1386 937 qui
1422 888 1505 927 utri

217 948 291 988 sim
317 947 542 996 advocatus,
570 948 700 988 nescio

322 1010 440 1050 talem
469 1010 501 1049 B
529 1010 650 1051 habet
686 1022 838 1050 versum
868 1022 1004 1050 sanum
1042 1014 1160 1062 atque
1187 1013 1403 1063 integrum3
1432 1013 1503 1053 DE

220 1077 350 1131 ‘opust
375 1068 479 1114 med’
508 1078 548 1114 et
576 1075 620 1115 R.
648 1086 696 1114 ne
723 1073 821 1114 illud
848 1074 937 1114 med
962 1074 1131 1124 periret,
1170 1074 1354 1116 formavit
1381 1077 1502 1116 auda-

218 1138 300 1177 cius
326 1148 480 1176 versum
509 1137 582 1177 sic:
622 1137 727 1187 Quid
760 1149 859 1187 opus
897 1138 954 1176 e‘st
978 1138 1066 1177 med
1092 1138 1299 1187 advocato,
1341 1140 1410 1189 qui
1443 1152 1502 1179 me

217 1200 300 1240 ‘um'
325 1201 416 1247 sim,
454 1200 614 1239 nescio?
651 1200 804 1250 qualem
846 1204 1073 1249 receperunt
1113 1201 1152 1239 in
1191 1204 1338 1240 textum
1367 1201 1502 1242 Goetz.

218 1266 257 1301 et
284 1261 431 1311 Loew.;
470 1257 558 1318 ‘est'
596 1266 740 1312 autem,
780 1262 882 1312 quod
910 1262 954 1302 R.
983 1263 1100 1309 acuit,
1126 1274 1286 1313 prorsus
1314 1275 1501 1314 superva-

218 1336 379 1365 caneum
418 1329 489 1365 est.
543 1324 738 1364 Debemus
774 1324 940 1364 retinere
977 1325 1133 1365 Veteris
1170 1317 1375 1366 lectionem
1412 1339 1499 1367 cum

216 1388 374 1428 Becker.
403 1390 444 1427 et
469 1386 674 1438 Umpfenb.

320 1450 459 1492 Pseud.
497 1463 531 1492 V.
574 1450 674 1491 1255
710 1451 797 1492 BC:
840 1452 937 1501 quid
974 1452 1073 1501 opu's
1108 1465 1167 1491 me
1205 1453 1351 1493 mdltas
1386 1467 1501 1505 agere

216 1515 418 1565 ambayes:
455 1515 488 1553 A
517 1527 614 1563 opus
640 1517 714 1562 est,
750 1515 855 1553 unde
881 1514 925 1554 R.
954 1517 1070 1563 opust
1101 1515 1195 1553 item
1225 1514 1330 1553 Pers.
1359 1527 1395 1555 v.
1423 1515 1501 1555 532

217 1577 313 1628 quid
339 1590 382 1617 eo
408 1577 503 1616 mihi
530 1590 627 1627 opus
644 1577 891 1616 matrimonio
915 1577 948 1615 A
970 1575 1089 1616 habet
1119 1589 1234 1632 ‘opus
1261 1572 1332 1617 est’
1363 1578 1500 1619 ceteri:

218 1653 325 1691 opus,
352 1652 387 1680 v.
416 1641 494 1680 530
531 1644 660 1679 autem
687 1640 752 1679 BC
789 1650 940 1689 quoque
969 1652 1067 1689 opus
1103 1642 1162 1678 est
1196 1639 1252 1678 sic
1279 1640 1408 1689 plenis
1436 1641 1500 1680 lit-

215 1702 310 1742 teris
337 1702 535 1753 scriptum.
573 1703 677 1751 Quid
706 1702 849 1753 igitur,
887 1701 921 1742 si
948 1701 1111 1741 Plautus
1139 1713 1231 1742 vero
1259 1702 1389 1752 priore
1417 1702 1500 1743 loco

217 1778 314 1816 opus
340 1769 398 1805 est
423 1765 592 1815 scripsit,
620 1765 744 1805 altero
773 1778 881 1815 opus,
910 1768 949 1804 et
967 1765 1003 1803 A
1030 1764 1188 1804 consilio
1208 1764 1376 1804 mutavit
1401 1765 1499 1805 alte-

216 1840 301 1868 rum
329 1828 484 1868 locum?
536 1827 636 1867 Nam
673 1827 802 1867 dicere
836 1828 919 1867 sine
955 1827 1036 1866 ulla
1063 1827 1307 1867 dubitatione
1335 1827 1498 1867 Ambro-

216 1890 314 1931 siani
342 1890 616 1931 auctoritatem
647 1890 954 1941 amplectendam
993 1901 1078 1930 esse
1105 1889 1179 1929 viri
1207 1890 1313 1929 docti
1340 1889 1498 1930 dubita-

216 1953 335 2004 bunt,
374 1954 408 1993 si
445 1954 616 1994 viderint
651 1953 766 1994 Poen.
794 1965 829 1993 v.
856 1953 933 1993 428
970 1956 1105 1993 contra
1147 1957 1296 1992 ceteros
1332 1952 1497 1992 Ambro-

216 2017 369 2057 sianum.
394 2017 569 2057 tradere:

322 2081 418 2133 quid
446 2093 543 2132 opus
569 2080 721 2121 verbis?
748 2081 797 2120 de
825 2092 903 2132 qua
929 2078 1094 2120 formula
1112 2079 1228 2129 paulo
1254 2077 1378 2119 fusius
1405 2091 1498 2129 age-

217 2156 315 2185 mus.
369 2145 557 2185 Traditur
583 2144 702 2183 Merc.
730 2156 765 2183 v.
796 2144 871 2184 106
908 2144 1004 2194 quid
1029 2156 1126 2193 opus
1152 2142 1275 2182 verbis
1300 2143 1354 2181 mi
1381 2145 1498 2193 atque

217 2209 358 2249 advexi
392 2208 476 2248 heri
507 2206 552 2247 R.
591 2211 630 2246 et
665 2206 818 2256 Ussing.
855 2206 1051 2247 scribunt:
1091 2206 1207 2262 (quid
1241 2205 1363 2246 verbis
1401 2218 1499 2257 opus

217 2276 283 2319 est,
312 2266 413 2319 emi'‚
452 2282 569 2319 quam
606 2269 841 2319 scripturam
870 2271 934 2308 vix
971 2281 1055 2309 esse
1082 2269 1303 2308 Plautinum
1340 2273 1498 2308 conten-

217 2332 352 2385 derim,
380 2344 468 2372 nam
497 2331 660 2372 Plautus
686 2332 824 2373 scribit
851 2336 942 2372 aut:
972 2332 1067 2383 quid
1092 2333 1207 2381 opust
1231 2330 1355 2370 verbis
1383 2331 1497 2372 Most.

216 2397 315 2448 993;
350 2399 437 2438 Aul.
463 2397 561 2443 468;
600 2397 694 2445 472;
738 2397 849 2447 Capt.
878 2397 974 2444 937;
1010 2396 1118 2435 Cure.
1148 2395 1217 2443 79;
1257 2395 1372 2434 Poen.
1399 2395 1497 2445 5703

216 2458 316 2499 Rud.
344 2461 440 2510 5893
469 2463 537 2500 aut
565 2460 662 2511 quid
687 2460 811 2500 verbis
839 2462 954 2510 opust
978 2458 1096 2499 Bach.
1116 2458 1211 2506 486;
1241 2458 1382 2509 Amph.
1403 2458 1499 2508 776;

218 2520 334 2564 Poen.
366 2525 460 2573 1133
488 2524 592 2564 Trin.
620 2523 716 2573 5533
744 2524 844 2564 Rud.
873 2523 945 2570 85;
973 2525 1018 2561 ut
1045 2521 1161 2562 Bach.
1191 2532 1226 2560 v.
1255 2522 1358 2561 1164
1383 2522 1499 2564 Both.
