1776 2893
779 170 1040 210 -64—

261 272 313 311 ad
352 283 559 321 quamnam
587 286 794 324 personam
825 274 1027 314 referenda
1056 275 1127 323 sit,
1167 286 1241 314 non
1274 278 1453 324 apertum
1481 278 1553 325 est,

265 340 372 376 recte
402 340 578 377 mutatur
615 337 653 377 in
689 351 827 378 sumne
862 341 907 377 ut
935 337 1039 378 Pers.
1068 349 1103 377 ν.
1127 338 1207 378 474
1239 351 1376 378 sumne
1404 339 1555 389 probus

264 398 351 437 Cas.
380 399 431 447 11,
458 400 495 447 4,
523 400 576 439 24
602 413 741 440 sumne
768 414 835 452 eyo
863 402 981 441 miser
1002 401 1122 450 homo,
1151 401 1198 442 cf.
1221 400 1354 441 Muell.
1381 412 1418 450 p.
1438 401 1491 441 53
1506 402 1553 452 ¹).

265 461 425 501 Minime
451 475 538 502 sum
565 464 814 504 desideratur

368 524 482 574 Epid.
510 538 546 565 v.
569 525 647 566 650
676 527 783 577 Quid
810 540 876 579 090
902 527 1013 567 modo
1039 527 1129 567 huic
1151 527 1281 577 frater
1304 526 1439 577 factus
1462 527 1554 566 dwm

260 588 411 627 introeo
438 591 556 639 atque
584 602 686 637 exeo,

369 663 459 690 nam
496 665 564 703 090
590 653 788 693 antecedit
822 657 863 692 et
890 654 996 703 apud
1029 654 1163 703 factus
1188 652 1405 703 perfectum
1434 653 1551 692 etiam

262 726 301 752 es
329 714 460 753 omitti
488 714 658 755 vidimus
685 727 723 765 p.
747 716 809 755 27.
866 715 945 756 Sed
980 728 1116 756 versus
1154 716 1310 766 quidem
1348 722 1409 755 est
1436 715 1551 755 vehe-

261 781 412 816 menter
431 773 638 827 corruptus
667 790 791 828 neque
807 790 979 829 unquam
1000 784 1107 818 certo
1126 779 1409 819 emendabitur.
1451 778 1551 818 Nam

262 838 415 878 Goetzii
442 851 563 889 opera
591 851 727 881 versus
754 841 893 890 plenus
920 842 1078 891 quidem
1107 839 1236 881 factus
1263 845 1324 880 est
1352 853 1425 881 non
1455 842 1549 880 item

263 901 297 940 is
325 912 440 951 quem
470 901 636 944 Plautus
664 904 835 953 scripsit.
868 904 946 944 Cf.
974 903 1105 944 Muell.
1134 904 1242 944 Pros.
1270 916 1308 954 p.
1331 904 1420 944 484.

366 964 419 1004 Et
447 965 564 1005 Merc.
595 978 628 1006 V.
649 967 730 1007 840
755 966 994 1017 Appwratus
1023 979 1127 1015 sum,
1154 970 1200 1006 ut
1224 967 1386 1016 videtis;
1427 967 1552 1007 abicio

259 1027 495 1078 superbiam,

364 1091 530 1142 qumet
553 1093 649 1132 mihi
684 1105 807 1132 comes
835 1094 986 1132 calator
1024 1106 1142 1142 equos
1176 1106 1309 1144 ayaso,
1345 1093 1351 1143 Ι
1384 1095 1554 1144 armiyer

364 1153 530 1205 Eyomet
546 1167 634 1195 sum
654 1154 749 1195 mihi
771 1156 997 1207 imperator,
1023 1156 1127 1196 idem
1144 1159 1288 1208 eyomet
1307 1156 1403 1197 mihi
1423 1156 1553 1197 obedio

370 1217 414 1256 R.
444 1222 488 1256 ut
516 1218 667 1257 hiatum
689 1218 857 1267 teneret,
885 1219 1050 1258 inseruit
1075 1232 1183 1267 sum‚·
1211 1219 1285 1258 hoc
1312 1223 1444 1258 autem
1465 1231 1551 1259 ver-

260 1279 352 1318 bum
376 1284 479 1318 esset
498 1290 842 1330 supervacaneum,
872 1280 1026 1320 etiamsi
1054 1294 1141 1320 swm
1159 1291 1284 1330 neque
1303 1282 1552 1321 antecederet

260 1354 384 1392 neque
412 1346 653 1392 sequeretur,
693 1354 782 1382 nam
821 1338 994 1399 <⁶90m85'
1033 1344 1158 1384 adest.
1212 1343 1284 1383 Illo
1319 1344 1551 1394 praesertim

260 1405 344 1445 loco
380 1419 467 1446 sum
504 1417 665 1456 prorsus
693 1406 874 1456 languet3
912 1411 953 1446 et
979 1406 1155 1447 Mueller.
1184 1418 1220 1457 p.
1248 1406 1343 1447 681:
1382 1408 1553 1463 ‘calator

263 1481 328 1520 090
357 1469 500 1519 equiso,
529 1482 596 1520 eyo
624 1464 774 1520 ayaso'.

365 1531 485 1570 Bach.
513 1544 549 1571 v.
570 1532 647 1572 946
675 1532 798 1571 Miles
822 1532 1058 1579 Menelaust,
1087 1545 1154 1583 090
1171 1532 1423 1583 Ayamemm,
1448 1533 1551 1572 idem

267 1593 403 1634 Ulixes
421 1593 590 1633 Lartius

365 1670 453 1697 sum
490 1668 564 1696 non
597 1669 694 1706 opus
731 1669 817 1697 esse
851 1657 970 1697 etiam
1000 1658 1043 1696 R.
1074 1658 1266 1698 concessit
1294 1658 1367 1708 Op.
1396 1658 1444 1706 11,
1472 1658 1550 1697 498

259 1720 325 1769 qui
366 1719 405 1758 in
443 1720 615 1760 editione
651 1723 808 1760 secutus
846 1725 933 1759 erat
969 1720 1235 1760 Hermannum
1286 1722 1406 1777 ‘idem
1443 1716 1547 1760 sum²

261 1783 511 1831 scribentem3
554 1783 703 1823 frustra
742 1784 893 1823 hiatum
936 1784 1074 1823 tollere
1115 1788 1278 1824 conatus
1319 1787 1380 1823 est
1418 1783 1549 1823 Muell.

259 1846 366 1885 Pros.
395 1858 432 1896 p.
454 1847 530 1887 698

349 1964 377 2003 1)
402 1965 545 1993 Traditur
566 1964 645 1993 Men.
669 1974 698 1994 v.
717 1965 777 1994 635
801 1964 843 1992 Et
858 1964 930 2000 quid
942 1964 1035 1992 tristis
1057 1968 1084 1992 ct
1099 1963 1171 1999 quid
1183 1964 1231 1992 hic
1253 1964 1326 1992 mihi
1336 1964 1453 2000 dixerit,
1473 1964 1548 1999 faxo

259 2017 338 2045 arias
361 2018 412 2054 qui
436 2025 553 2054 versus,
586 2017 737 2054 quomodo
760 2017 984 2053 intellegendus
1007 2017 1056 2053 sit,
1080 2025 1167 2045 nemo
1196 2020 1296 2054 potest
1319 2016 1467 2054 dubitare,
1498 2016 1550 2053 qui

255 2071 347 2106 paulo
378 2074 448 2098 ante
478 2071 596 2098 audivit
628 2070 856 2098 Menaechmum
887 2079 924 2098 ex
955 2078 1048 2097 uxore
1070 2073 1281 2105 quaerentem,
1314 2069 1386 2104 quid
1413 2073 1445 2097 tu
1475 2070 1548 2097 mihi

257 2123 351 2150 tristis
381 2132 410 2149 es
440 2126 470 2150 et
500 2131 536 2150 ex
569 2121 715 2150 Peniculo
749 2122 829 2159 ‘quid
861 2119 994 2149 dixisti?
1024 2129 1064 2149 sc.
1098 2122 1194 2150 uxor-i.
1245 2121 1363 2150 Deinde
1393 2130 1430 2149 ex
1459 2121 1548 2160 ‘faxo

257 2175 344 2203 scias’
367 2178 496 2212 apparet
518 2175 572 2203 sim
594 2173 722 2203 verbum
748 2174 954 2211 supplendum
976 2183 1042 2203 esse
1065 2175 1104 2203 ad
1125 2175 1229 2204 tristia.
1272 2174 1310 2204 cf.
1334 2174 1414 2203 Men.
1437 2182 1469 2202 v.
1489 2173 1547 2203 199

256 2232 287 2254 ut
300 2231 446 2263 facturus
468 2228 574 2256 dicam.
619 2227 719 2255 Etiam
743 2228 784 2255 eie
806 2227 850 2255 ita
872 2227 1021 2254 omittitur
1042 2227 1152 2262 Amph.
1169 2228 1229 2256 342
1253 2227 1375 2255 Possum
1396 2226 1471 2254 scire
1492 2235 1548 2262 quo

252 2282 414 2317 profectus,
445 2281 548 2316 quoius
571 2280 611 2308 sis
634 2284 686 2308 aut
708 2279 782 2315 quid
801 2278 914 2307 veneris
942 2281 972 2306 et
992 2278 1083 2307 Poen.
1107 2280 1168 2309 982
1194 2278 1272 2313 Quid
1290 2278 1400 2307 venerit
1429 2278 1481 2314 qui
1501 2278 1547 2313 eit,

256 2334 395 2369 «laniatis,
417 2334 494 2361 unde
515 2334 552 2362 sit
582 2335 657 2361 Aen.
683 2333 707 2368 I,
731 2334 790 2362 517
815 2341 890 2368 quae
902 2333 1031 2368 fortuna
1052 2331 1133 2366 viris,
1165 2331 1286 2359 clamem
1308 2340 1365 2368 quo
1386 2331 1470 2360 litore
1491 2331 1548 2360 lin-

256 2391 348 2422 quant
370 2386 443 2422 quid
462 2386 579 2414 veniant
612 2386 701 2422 Prop.
725 2386 749 2419 Ι,
774 2387 824 2421 22,
852 2387 864 2413 1
901 2384 1005 2419 Qualis
1026 2388 1053 2412 et
1079 2383 1156 2412 unde
1184 2393 1274 2421 yenus
1303 2384 1355 2420 qui
1380 2384 1440 2412 sint
1467 2383 1547 2419 mihi,

260 2439 350 2475 Tulle,
368 2443 502 2476 penates.
546 2439 705 2475 Quomodo
727 2437 759 2466 in
781 2438 1019 2474 interrogatione
1039 2437 1153 2466 directa
1174 2436 1216 2466 ita
1238 2437 1366 2466 verbum
1383 2435 1548 2467 substanti-

258 2502 330 2525 vum
353 2494 519 2531 omittatur,
543 2493 612 2520 vide
634 2501 664 2529 p.
684 2494 732 2521 19.
755 2507 794 2513 -·
