1776 2893
832 185 1094 224 -52-

318 294 542 330 statuamus
579 291 738 340 linguae
775 291 943 331 Latinae
982 291 1045 331 vel
1089 292 1221 331 versui
1257 293 1442 343 antiquae
1480 295 1612 343 poesis

318 354 495 394 scenicae
520 353 680 394 licuisse
719 354 839 395 talem
866 354 1142 406 synaloepham
1184 367 1234 395 an
1261 356 1474 396 secundum
1501 356 1611 397 illum

320 418 517 469 ingentem
544 430 750 458 numerum
778 419 1044 469 exemplorum
1070 418 1180 458 verbi
1216 419 1451 459 substantivi
1478 421 1613 475 omissi

249 491 251 495 ·
316 481 521 521 credamus
565 484 755 532 quattuor
794 495 834 522 es
872 495 896 522 a
936 481 1108 522 librariis
1145 482 1292 532 ignaris
1328 482 1428 523 falso
1475 483 1613 523 addita

319 555 405 583 esse
424 547 463 583 et
482 544 698 584 audeamus
716 545 857 585 delere.
904 546 1145 594 Quoniam
1173 546 1267 586 illa
1294 546 1612 597 synaloepha

316 607 461 646 nullo
501 607 605 646 alio
652 612 962 658 argumento.
994 608 1137 648 nullo
1175 610 1481 649 testimonio
1524 610 1610 649 de-

315 669 573 719 fenditur,
612 671 847 721 equidem
876 671 1205 711 confidenter
1240 673 1509 721 contendo,
1547 672 1610 711 il-

315 731 410 772 lam
447 745 700 784 nunquam
735 735 1013 775 exstitisse
1049 732 1097 775 in
1134 735 1370 776 versibus
1396 736 1610 776 Latinis.

420 797 474 836 Et
501 798 535 837 si
563 809 636 847 ego
664 809 819 848 quoque
846 798 908 837 his
937 801 1127 849 quattuor
1154 798 1250 838 locis
1269 802 1486 839 commotus
1512 811 1610 849 pau-

298 859 437 911 'lisper
463 860 694 911 haerebam,
729 874 823 901 num
851 862 890 901 in
917 862 980 902 his
1007 862 1172 902 Plautus
1200 862 1369 902 voluerit
1396 862 1612 903 coalescere

314 937 363 963 us
390 928 431 964 et
464 937 523 973 es,
559 928 644 964 tum
671 937 834 974 prorsus
862 937 1015 964 omnem
1042 926 1341 965 haesitationem
1369 925 1494 965 abieci
1522 937 1610 965 cum

314 987 490 1026 Terentii
517 987 672 1027 fabulas
700 989 1022 1038 perquisiveram.
1065 989 1164 1027 Tum
1180 988 1278 1027 mihi
1294 989 1475 1038 persuasi
1502 988 1609 1028 illam

313 1050 592 1101 synaloepham
632 1062 830 1101 nunquam
868 1049 999 1091 fuisse.
1055 1051 1196 1101 Itaque
1233 1051 1410 1101 exempla
1437 1051 1610 1092 Terentii

312 1114 376 1154 hic
403 1114 619 1164 separatim
639 1114 756 1153 etiam
784 1114 963 1154 tractabo
992 1118 1032 1154 et
1052 1114 1283 1163 videbimus,
1311 1126 1428 1164 quam
1452 1115 1609 1165 egregie

311 1177 373 1217 his
412 1178 608 1218 sententia
654 1181 791 1217 nostra
830 1176 1089 1218 confirmetur.
1157 1177 1339 1228 Triginta
1381 1176 1463 1217 fere
1512 1177 1607 1218 locis

310 1242 555 1292 scripserunt
572 1242 742 1281 editores
770 1243 872 1290 -u’s,·
899 1254 1062 1292 prorsus
1090 1242 1198 1282 nullo
1220 1245 1351 1281 autem
1377 1241 1463 1281 loco
1485 1241 1607 1281 ullum

310 1305 519 1355 vestigium
548 1308 610 1343 est
652 1304 745 1344 talis
783 1305 1055 1355 synaloephae.
1110 1306 1164 1344 Et
1199 1316 1324 1355 paene
1350 1305 1400 1344 de
1428 1304 1607 1344 omnibus

308 1367 405 1408 locis
443 1369 521 1408 iam
560 1380 682 1418 supra
709 1368 881 1418 egimus,
921 1380 1012 1407 nam
1041 1368 1290 1408 adiunximus
1319 1379 1385 1407 eos
1414 1367 1606 1407 similibus

309 1430 517 1480 Plautinis,
555 1434 601 1469 ut
627 1431 857 1471 doceremus
899 1432 1070 1470 sermoni
1097 1431 1331 1470 comicorum
1358 1430 1606 1469 omissionem

309 1493 419 1533 verbi
445 1493 685 1534 substantivi
712 1497 847 1544 aptam
874 1492 997 1533 fuisse
1024 1494 1092 1542 ita,
1131 1497 1177 1533 ut
1203 1492 1348 1544 ubique
1374 1491 1473 1532 falso
1502 1493 1604 1533 desi-

311 1557 537 1596 deraverint
563 1557 640 1595 viri
679 1557 785 1596 docti
820 1569 860 1595 es
887 1556 1058 1595 verbum.
1113 1556 1226 1595 Nunc
1253 1555 1432 1605 exempla
1458 1555 1603 1595 Teren-

310 1619 420 1658 tiana
446 1619 486 1658 in
513 1631 634 1658 unum
661 1618 789 1658 locum
808 1618 1062 1668 conferemus,
1088 1622 1135 1658 ut
1162 1621 1353 1669 appareat
1378 1630 1496 1669 quam
1515 1630 1604 1669 per—

309 1694 446 1731 peram
474 1685 612 1721 contra
630 1694 782 1721 omnem
802 1681 919 1721 fidem
939 1681 1129 1720 librorum
1146 1682 1263 1720 etiam
1282 1682 1412 1720 versui
1432 1681 1605 1720 Terentii

309 1744 559 1784 obtruderint
586 1745 664 1784 -u’s
690 1743 867 1784 formam.
915 1744 1090 1784 Primum
1117 1744 1239 1794 igitur
1265 1743 1425 1784 afferam
1451 1755 1510 1795 ea,
1537 1743 1605 1783 ubi

308 1820 379 1848 nec
414 1809 454 1848 in
488 1807 678 1847 Bembino
716 1820 787 1848 nec
825 1809 864 1848 in
904 1808 1045 1848 ceteris
1081 1806 1193 1847 libris
1230 1820 1295 1847 -us
1332 1810 1372 1847 et
1411 1820 1451 1847 es
1485 1806 1603 1857 sylla-

307 1871 381 1910 bae
409 1872 639 1911 coniunctae
676 1873 889 1911 traduntur
929 1872 1008 1919 ita,
1046 1875 1092 1910 ut
1128 1881 1265 1910 versus
1291 1870 1466 1921 postulet
1492 1874 1538 1910 ut
1563 1871 1603 1910 in

308 1946 426 1974 unam
462 1933 653 1985 syllabam
694 1934 936 1975 coalescant:
986 1933 1086 1973 Sunt
1121 1937 1251 1973 autem
1286 1933 1329 1973 hi
1368 1945 1527 1982 versus,
1563 1934 1603 1973 in

307 1998 450 2047 quibus
477 1998 513 2035 A
542 2008 629 2036 cum
670 1997 833 2047 reliquis
860 1996 973 2036 libris
1001 1996 1213 2035 consentit:
1255 1996 1353 2036 Eun.
1383 2009 1417 2036 v.
1446 1997 1524 2036 286
1552 2019 1602 2023 —-

307 2061 375 2101 eho
402 2073 594 2100 numnam
621 2060 683 2100 hic
709 2060 873 2100 relictus
911 2059 1071 2099 custos?
1098 2082 1147 2086 —
1176 2060 1253 2099 696
1281 2060 1510 2100 Monstrum
1536 2060 1602 2099 ho—

306 2125 436 2171 minis,
470 2136 551 2163 mm
578 2123 789 2162 dicturus?
827 2122 940 2162 Adel.
968 2134 1001 2160 v.
1030 2122 1107 2161 234
1133 2122 1256 2162 Nune
1283 2123 1437 2162 demum
1462 2121 1602 2162 venis?

313 2185 395 2226 Cur
416 2186 592 2237 passus?
632 2186 700 2226 ubi
727 2199 840 2234 eras;
879 2184 1047 2234 Adelph.
1086 2197 1119 2225 v.
1150 2185 1228 2226 852
1251 2186 1505 2236 fortunatus,
1534 2186 1603 2236 qui

305 2250 382 2289 isto
419 2250 551 2288 animo
588 2250 690 2298 sies,·
726 2249 837 2289 Adel.
867 2260 901 2287 v.
932 2249 1006 2288 961
1052 2248 1085 2288 0
1110 2252 1242 2289 noster
1280 2248 1433 2289 Demea
1467 2248 1603 2299 edepol

304 2313 366 2353 vir
403 2312 552 2353 bonus!
587 2336 634 2341 —-
665 2313 743 2353 394
773 2312 835 2353 Tu
866 2314 1214 2363 quantusquantus
1243 2313 1304 2353 nil
1332 2312 1413 2353 nisi
1440 2312 1601 2362 sapien-

305 2378 364 2416 tia
379 2390 442 2425 es;
469 2376 625 2416 Phorm.
646 2389 679 2416 v.
699 2377 778 2416 324
810 2375 843 2416 Ο
861 2376 923 2414 vir
948 2376 1065 2425 fortis
1079 2379 1197 2427 atque
1216 2375 1392 2416 amicus!
1419 2397 1468 2401 ——
1497 2374 1600 2414 9235

308 2439 371 2480 Tu
396 2453 549 2489 servos,·
577 2463 626 2467 —
654 2441 731 2480 496
763 2439 825 2480 Tu
854 2441 1052 2491 οορηαίαε,
1080 2442 1123 2480 tu
1145 2453 1295 2491 parens
1302 2454 1315 2489 ;
1341 2439 1435 2479 Hec.
1459 2450 1493 2478 v.
1519 2438 1598 2479 392

304 2527 354 2532 ——
381 2505 588 2563 gravidam
614 2517 695 2544 esse
722 2517 769 2544 eoe
797 2507 844 2553 te,
871 2503 978 2543 solus
1006 2504 1206 2553 conscius;
1235 2526 1282 2530 —
1313 2503 1390 2543 825
1418 2525 1467 2529 -
1494 2502 1600 2543 unde
