1776 2893
770 146 1033 186 -36-

311 261 315 266 “
365 251 515 292 Versus
551 251 689 302 plenus
727 255 807 303 est,
849 252 1044 294 sententia
1063 264 1187 293 sana.
1250 252 1365 293 Unus
1398 254 1551 293 tantum

257 318 384 355 restat
412 314 632 364 scrupulus,
660 326 775 364 quem
803 316 914 356 nobis
941 328 1077 356 versus
1103 316 1266 355 ultimus
1293 320 1363 364 pes
1390 314 1552 364 infigere

258 377 387 418 debet.
452 377 568 424 Quod
614 376 937 427 impedimentum
984 391 1059 419 non
1105 389 1304 419 removere
1347 387 1553 428 possumus

256 440 331 479 nisi
358 440 438 480 alia
473 440 614 481 audaci
655 440 961 491 transpositione
989 442 1117 493 (velut
1144 443 1295 482 obsecro
1324 444 1359 480 te
1384 440 1481 479 mihi
1506 443 1553 479 ut

256 503 324 541 des
361 515 520 552 operam
560 504 739 553 quisquis
777 516 817 542 es
843 503 904 542 vel
933 504 1085 544 obsecro
1121 508 1156 544 te
1194 515 1353 554 operam
1387 505 1434 541 ut
1457 501 1554 540 mihi

258 566 325 606 des
354 566 534 617 quisquis
561 567 615 614 es>
654 569 725 606 aut
761 566 857 606 nihil
892 566 1000 607 aliud
1036 568 1228 618 reliquum
1266 570 1328 606 est
1364 576 1481 615 quam
1509 568 1553 604 ut

255 632 478 668 statuamus
506 629 693 668 Plautum
730 629 805 668 sibi
840 629 913 668 hoc
952 630 1037 670 loco
1063 630 1284 670 indulsisse.
1338 628 1484 677 Utique
1512 639 1551 666 es

255 690 417 731 verbum
448 691 584 732 deesse
613 691 750 742 nequit
786 702 909 741 neque
946 703 1031 732 cum
1062 693 1276 734 Ritschelio
1304 694 1442 732 contra
1469 692 1551 729 tra-

251 754 376 793 ditam
418 754 621 810 lectionem
660 759 700 794 et
737 755 972 804 scripturam
1012 756 1183 795 scribere
1220 756 1405 794 debemus
1445 753 1551 803 quis-

253 818 375 867 qai’s‚·
413 828 502 856 nam
542 830 582 856 es
620 816 659 856 in
700 816 775 857 hac
814 817 1083 858 coniunctione
1121 829 1205 858 esse
1241 817 1395 868 plenam
1434 815 1553 866 sylla-

254 879 344 919 bam
362 883 426 920 sat
453 880 589 920 multis
616 881 770 920 ostendi
785 881 971 930 exemplis
998 885 1039 921 et
1066 881 1158 921 talis
1178 880 1393 920 coalitionis
1421 879 1550 918 adhuc

253 942 320 981 ubi
350 943 472 982 ullum
505 947 567 983 est
596 943 831 993 vestigium?
884 943 1019 994 Neque
1046 943 1251 984 Terentius
1290 942 1399 982 aliud
1433 941 1553 981 habet

253 1007 373 1054 atque
401 1005 579 1057 quisquis
615 1007 665 1055 e's,
704 1007 773 1047 sed
802 1006 866 1046 hic
894 1019 1011 1047 unum
1046 1007 1143 1048 satis
1175 1004 1465 1047 memorabilem
1494 1003 1551 1043 lo-

256 1079 344 1107 cum
373 1078 651 1108 commemoro:

361 1130 471 1170 Adel.
499 1143 535 1171 v.
563 1131 661 1172 394:
704 1131 766 1171 Tu
804 1135 1157 1183 quantasquantus
1191 1132 1252 1172 nil
1278 1132 1357 1171 nisi
1394 1131 1554 1181 sapien-

256 1193 315 1232 tia
344 1206 385 1233 es

360 1257 417 1296 sic
433 1258 586 1298 habent
613 1269 746 1297 omnes
764 1257 868 1308 libri,
896 1258 1086 1307 Priscian,
1116 1258 1255 1298 Donat.
1285 1268 1409 1306 neque
1427 1256 1553 1297 Bentl.

255 1319 468 1369 quidquam
507 1321 699 1369 mutavit,
737 1322 807 1360 sed
835 1321 1024 1361 Fleckeis.
1062 1326 1101 1360 et
1129 1320 1335 1370 Umpfenb.
1362 1320 1427 1359 hic
1454 1331 1550 1370 quo-

255 1392 330 1430 que
370 1382 613 1432 scripserunt
649 1385 1023 1434 quanmsqaantu's.
1077 1383 1186 1423 Nihil
1224 1386 1355 1423 autem
1395 1385 1550 1422 mutan-

256 1445 349 1484 dum
376 1449 459 1495 est,
495 1458 584 1486 nam
623 1458 709 1487 cum
749 1449 792 1486 tu
827 1447 1054 1496 pronomine
1082 1446 1177 1485 illud
1207 1445 1438 1485 vocabulum
1466 1448 1552 1484 arte

256 1508 503 1547 coniunctum
533 1512 593 1547 est
620 1512 662 1549 et
689 1509 815 1558 magis
853 1513 1062 1549 excusatur
1102 1509 1261 1548 omissio
1298 1508 1476 1557 sequenti
1513 1520 1552 1546 es

256 1570 394 1609 verbo:
431 1569 504 1610 Du
531 1571 607 1611 bist
641 1573 714 1611 wie
740 1585 850 1624 yross
878 1572 981 1612 auch
1014 1572 1150 1612 immer
1177 1571 1306 1611 nichts
1333 1570 1394 1610 als
1429 1569 1553 1611 Weis-

256 1634 343 1672 heit.
398 1633 535 1684 Neque
571 1647 664 1674 vero
708 1647 777 1674 nos
818 1635 948 1674 dicere
986 1646 1212 1684 possumus:
1251 1634 1315 1673 ich
1342 1634 1554 1673 beschwo‘re

256 1697 347 1736 dieb
372 1710 452 1737 wer
480 1698 584 1737 auch
610 1699 757 1747 immer,
786 1698 819 1737 si
848 1698 942 1737 mihi
971 1698 1065 1737 licet
1092 1697 1132 1736 id
1160 1698 1198 1737 in
1229 1696 1554 1747 comparationem

256 1772 406 1799 vocare.
454 1761 555 1801 Sane
582 1762 746 1801 interest
775 1761 1017 1810 aliquantum
1047 1762 1150 1800 inter
1182 1764 1224 1800 ta
1252 1762 1554 1811 quantusquan-

260 1826 343 1871 tus,
374 1824 439 1863 ubi
468 1823 661 1864 habemus
689 1823 801 1873 quasi
830 1823 1137 1873 appositionem,
1179 1827 1220 1862 et
1247 1826 1282 1863 te
1310 1822 1489 1873 quisquis
1507 1823 1554 1871 ¹).

366 1887 478 1937 Capt.
508 1899 543 1926 v.
571 1887 648 1927 928
679 1887 830 1927 Fecisti
848 1890 894 1926 ut
908 1886 977 1926 tibi
995 1900 1201 1937 nunquam
1218 1887 1368 1937 referre
1385 1887 1556 1937 qratiam

253 1951 404 1999 possim
431 1951 540 1998 satis,

365 2012 541 2052 Proinde
567 2016 614 2052 at
641 2016 684 2051 ta
705 2013 947 2062 promeritus
975 2013 1022 2052 de
1047 2026 1107 2052 me
1135 2016 1172 2051 et
1195 2012 1291 2062 filio,

370 2074 434 2113 ubi
475 2075 609 2115 deesse
637 2086 750 2124 posse
779 2088 819 2114 es
854 2076 932 2115 iam
967 2087 1088 2125 supra
1114 2075 1366 2123 ostendimus
1393 2086 1479 2114 cum
1510 2074 1557 2113 de

261 2138 424 2177 meritus
451 2136 625 2187 perfecto
652 2149 857 2188 ageremus
885 2140 936 2187 (p.
957 2138 1023 2186 22)
1052 2137 1152 2177 Item
1180 2149 1300 2187 supra
1329 2138 1406 2177 iam
1427 2137 1550 2176 allata

266 2204 360 2239 sunt
399 2200 591 2251 exempla:
640 2201 784 2240 habeas
820 2204 867 2240 ut
900 2204 1072 2240 nanctus
1110 2203 1163 2250 (p.
1203 2202 1278 2249 17.)
1321 2199 1557 2239 Defenditur

264 2263 388 2314 igitur

353 2411 387 2451 1)
411 2412 449 2441 cf.
471 2412 561 2448 Prop.
582 2413 635 2449 IV,
660 2416 708 2449 21,
734 2414 772 2442 15
794 2414 945 2442 Romanae
960 2418 1056 2442 turres
1077 2418 1104 2441 et
1117 2422 1168 2441 voe
1183 2413 1307 2442 valeatis
1323 2413 1421 2448 amici,
1445 2412 1558 2448 qualis-

266 2475 375 2500 cunque
398 2465 472 2493 mihi
489 2470 576 2500 mque
592 2466 696 2500 puella
716 2467 792 2495 vale.
