1776 2893
367 255 613 305 Quamquam
643 266 717 295 non
738 257 852 296 modo
879 257 953 296 non
982 257 1135 307 desunt,
1162 259 1232 298 sed
1260 259 1379 298 etiam
1400 260 1557 310 saepius

261 317 514 356 inveniuntur
551 319 730 368 exempla
757 323 853 359 sunt
878 319 986 359 verbi
1025 320 1164 370 positi,
1203 325 1247 360 ut
1276 321 1387 362 Cure.
1415 334 1450 361 v.
1478 322 1555 362 307

262 380 329 418 ubi
365 384 459 419 sunt
495 394 584 430 spes
623 394 753 429 meae,·
790 383 889 421 Rud.
927 394 962 421 v,
995 383 1091 422 1161
1131 383 1199 422 ubi
1238 383 1313 423 loci
1348 387 1445 423 sunt
1469 397 1557 433 spes

261 454 381 488 meae,
420 442 561 491 Amph.
590 443 665 481 287
703 439 772 482 ubi
789 447 902 482 'sunt
926 445 995 483 isti
1027 448 1271 492 scortatores,
1300 446 1369 495 qui
1395 446 1469 484 soli
1494 447 1557 485 in-

261 504 334 543 viti
371 503 516 543 cubant
542 504 658 544 Poen.
702 505 817 552 1119,
856 505 980 554 1232;
1023 506 1134 555 Capt.
1176 506 1263 546 253.
1317 508 1458 556 Itaque
1494 508 1558 547 hic

262 577 416 614 quoque
454 566 630 605 videmus
667 570 876 616 utrumque
916 567 1057 607 Plauto
1101 568 1259 608 licuisse
1297 572 1338 607 et
1374 569 1558 618 libuisse;

264 627 423 666 minime
460 631 592 668 autem
630 629 761 668 omnia
797 629 836 667 in
878 640 995 669 unam
1035 629 1197 670 formam
1226 630 1441 681 redigenda
1468 635 1560 671 sunt

264 691 368 739 quod
414 689 543 731 facere
591 692 797 731 voluerunt
837 691 912 731 viri
960 693 1066 733 docti
1105 693 1143 732 in
1191 694 1309 733 tertia
1348 694 1558 743 singularis

264 764 445 801 persona.

372 817 489 864 Apud
517 817 743 856 Terentium
784 818 926 857 deinde
954 819 1226 859 inveniuntur:
1251 819 1388 858 Andr.
1419 830 1453 857 v.
1482 819 1559 858 477

265 878 375 917 Num
401 879 642 918 immemores
675 880 892 929 discipuli?
933 881 1044 920 Adel.
1073 892 1107 920 v,
1136 882 1212 921 678
1240 882 1310 922 sed
1347 882 1443 932 quid
1482 883 1561 922 ista

265 942 436 980 nostra?
464 941 618 980 Phorm.
647 954 682 980 v.
711 942 789 980 256
818 942 936 981 Satin
964 945 1095 982 omnia
1123 957 1171 983 ex
1197 944 1422 983 sententia?
1449 948 1490 984 et
1517 947 1562 983 ut

266 1003 371 1041 Trin.
403 1015 436 1042 v.
469 1003 569 1041 1177
607 1002 746 1042 Satine
784 1004 950 1043 salvae?
988 1006 1052 1044 dic
1089 1006 1206 1053 mihi;
1246 1010 1286 1044 et
1323 1006 1443 1045 Stich.
1472 1019 1508 1045 v.
1537 1007 1560 1045 8

266 1065 450 1104 salvaene
470 1065 639 1105 amabo?
666 1065 722 1104 sic
742 1065 840 1104 Eun.
862 1078 895 1105 V.
917 1067 994 1106 978
1024 1067 1164 1107 Satine
1182 1068 1347 1107 salvae?
1376 1069 1439 1108 dic
1457 1069 1562 1108 mihi.

371 1128 547 1176 Denique
567 1128 721 1167 Phorm.
750 1140 785 1167 v.
813 1129 893 1166 454
922 1130 1024 1178 Quot
1040 1130 1224 1177 homines,
1253 1133 1308 1169 tot
1324 1132 1563 1169 sententiae:

267 1203 364 1229 suus
392 1191 533 1240 cuique
560 1203 652 1230 mos.

372 1264 484 1292 nemo
511 1254 712 1293 desiderat
737 1257 833 1294 sunt
860 1258 899 1293 et
926 1255 1073 1303 optime
1101 1266 1142 1294 se
1171 1255 1311 1302 habet,
1351 1256 1456 1303 quod
1483 1266 1563 1293 ser-

267 1326 418 1354 monem
447 1315 589 1354 attinet

373 1378 486 1417 Truc.
524 1378 602 1418 885
630 1402 682 1406 —
708 1379 776 1418 ubi
810 1379 948 1426 amici,
989 1379 1130 1418 ibidem
1170 1392 1281 1429 opes,
1319 1380 1390 1418 sed
1428 1390 1563 1418 versus

268 1441 378 1479 hiatu
407 1440 578 1489 laborat,
617 1452 731 1489 quem
760 1442 834 1480 viri
864 1441 970 1480 docti
998 1453 1086 1480 cum
1115 1442 1297 1480 dictionis
1327 1442 1563 1480 detrimento

268 1502 464 1550 expellere
492 1503 621 1542 conati
641 1507 743 1542 sunt.
788 1503 953 1542 Prorsus
981 1503 1143 1552 languet
1162 1502 1346 1543 Schoellii
1375 1503 1559 1541 mutatio:

267 1565 334 1603 abi
370 1566 488 1604 amici
523 1565 578 1604 ibi
615 1566 767 1604 demum
804 1579 884 1605 esse
922 1578 1022 1614 opes.
1078 1565 1119 1604 Si
1157 1566 1313 1615 quidem
1351 1565 1435 1603 sine
1470 1568 1565 1603 sunt

268 1627 386 1666 verbo
414 1638 550 1666 versus
578 1628 735 1666 restitui
764 1628 909 1677 nequit,
938 1630 1021 1666 tum
1049 1627 1252 1676 acquiesco
1281 1627 1319 1666 in
1346 1626 1563 1666 Camerarii

266 1690 490 1739 proposito:
517 1690 659 1730 ibidem
686 1693 782 1730 sunt
809 1703 924 1740 opes:

382 1753 563 1792 Verumst
587 1754 743 1792 verbum
772 1753 876 1802 quo‘d
900 1753 1162 1792 memoratur:
1189 1753 1257 1791 abi
1274 1753 1393 1791 amici
1418 1753 1561 1791 ibidem

267 1816 363 1854 sant
389 1827 489 1864 opes.

375 1878 415 1917 Si
443 1889 543 1917 nunc
570 1879 792 1918 accedimus
820 1878 871 1917 ad

561 1981 743 2022 tertIam
772 1980 1012 2032 singularis
1040 1991 1275 2031 personam

378 2076 525 2114 vereor,
555 2077 603 2104 ne
627 2065 715 2113 quis
734 2065 916 2113 opinetur
943 2067 1117 2103 nostram
1138 2064 1444 2113 disputationem
1465 2063 1563 2102 nihil

269 2129 367 2167 certi
394 2128 616 2168 adlaturam
646 2139 729 2167 esse
757 2128 808 2166 ad
837 2138 948 2166 usum
977 2127 1166 2166 sermonis
1193 2126 1399 2166 familiaris
1427 2138 1562 2166 eruen-

270 2191 384 2237 dum,
423 2191 516 2239 quia
553 2191 592 2228 in
631 2190 742 2229 libris
772 2190 877 2228 nulla
905 2190 958 2228 sit
985 2189 1115 2238 posita
1149 2188 1247 2228 fides
1275 2193 1333 2228 est
1357 2190 1476 2228 verbo
1504 2189 1562 2227 in-

269 2252 378 2292 curia
420 2252 668 2292 librariorum
718 2252 935 2292 sexcenties
972 2251 1126 2290 omisso.
1194 2251 1270 2291 Sed
1307 2252 1440 2291 eodem
1478 2251 1562 2290 iure

269 2320 444 2356 statuere
486 2326 692 2363 possumus
739 2315 919 2354 librarios
964 2314 1120 2364 ignaros
1171 2325 1265 2353 usus
1305 2314 1478 2352 Plautini
1523 2318 1564 2352 et

270 2379 500 2426 nescientes,
529 2380 719 2426 quatenus
738 2378 955 2426 pertineret
983 2376 1020 2415 in
1047 2387 1223 2415 sermone
1243 2375 1425 2415 familiari
1445 2376 1563 2415 omis-

269 2442 326 2481 sio
355 2440 464 2481 verbi
501 2439 755 2488 substantivi,
792 2440 993 2480 addidisse
1033 2442 1098 2478 est.
1152 2439 1263 2479 Libri
1292 2443 1383 2479 sunt
1411 2443 1451 2479 et
1478 2450 1563 2478 esse
