1776 2893
740 118 1002 157 -14-

333 220 435 259 Men.
466 231 499 260 V.
530 220 606 259 768
650 221 758 270 Quid
783 222 877 261 mihi
912 222 1124 261 molestus?
1152 234 1180 261 z:
1212 222 1317 272 Quia
1353 234 1412 261 me
1438 234 1519 262 uon

227 284 380 322 novisse
409 284 480 322 ais.

335 345 449 384 Poen.
478 358 512 385 v.
540 346 617 385 328
659 346 765 395 Quid
792 350 834 385 tu
873 347 964 386 ais?
992 358 1021 385 ::
1054 347 1160 397 Quid
1185 347 1279 387 mihi
1305 346 1519 386 molestus?

229 409 397 457 obsecro,

333 483 434 520 quae
462 471 637 520 exempla
664 472 768 511 inter
795 484 839 512 se
867 476 1045 520 tuentur,
1087 484 1209 522 neque
1237 485 1328 513 vero
1355 473 1414 512 u's
1441 470 1519 511 for-

231 547 317 575 mae
346 534 410 575 hic
449 546 532 575 esse
566 535 691 575 ullum
728 535 853 576 locum
891 537 1023 576 statim
1062 537 1180 580 etiam
1210 537 1385 585 apertius
1413 536 1519 575 vide-

230 598 370 646 bimus,
399 598 564 647 legimus
593 599 693 637 enim

332 660 448 699 Poen.
477 671 512 698 v.
544 660 647 700 1304
683 660 791 700 Num
820 661 888 700 tibi
915 661 1145 701 adulescens
1173 661 1301 700 malae
1328 664 1401 700 aut
1428 661 1521 700 deu-

231 726 286 762 tes
308 724 514 773 pruriunt,
534 724 551 772 ΙΙ

339 787 417 835 Qui
442 787 532 825 huic
561 800 599 825 es
626 786 820 833 molestus,
849 800 904 825 au
930 787 1076 826 malam
1101 801 1182 827 rem
1210 786 1442 837 quaeritas?

337 853 376 888 et
405 849 477 888 hoc
497 848 652 897 quidem
684 849 766 888 loco
787 862 827 887 es
847 850 1020 889 traditur
1047 855 1093 889 ut
1112 851 1242 890 versui
1263 849 1523 889 necessarium

231 917 272 951 et
300 912 471 961 positum
501 916 561 950 est
589 915 681 950 ante
710 912 903 951 molestus.
959 914 1087 963 Atque
1116 912 1289 962 profecto
1317 912 1349 950 si
1377 912 1416 950 in
1444 911 1524 951 illis

230 974 498 1024 superioribus
518 974 694 1013 versibus
714 975 867 1013 omnino
888 988 927 1014 es
945 977 1105 1015 verbum
1134 975 1383 1015 inserendum
1405 978 1521 1024 esset,

233 1043 314 1076 tum
353 1038 523 1077 scribere
552 1037 779 1076 deberemus
807 1038 938 1087 potius
976 1039 1071 1078 mihi
1107 1052 1167 1086 es,
1210 1039 1271 1078 illi
1308 1051 1367 1086 es,
1405 1049 1522 1086 quam

231 1101 414 1140 molestus
452 1114 512 1148 es,
561 1101 664 1150 quod
705 1100 744 1138 hi
786 1100 857 1139 loci
897 1102 1187 1142 demonstrant:
1235 1102 1334 1140 Men.
1373 1114 1407 1140 v.
1448 1099 1524 1140 615

232 1164 341 1203 Num
367 1164 463 1203 mihi
491 1177 529 1203 es
556 1164 665 1202 irata
692 1163 860 1202 saltem?
897 1164 1008 1213 Capt.
1039 1177 1072 1203 v,
1096 1166 1171 1205 709
1202 1165 1307 1214 Quor
1327 1176 1415 1214 erqo
1442 1164 1525 1202 ira-

234 1231 296 1267 tus
334 1228 429 1266 mihi
467 1227 537 1265 es?
590 1226 688 1264 Rad.
716 1238 751 1264 v.
785 1227 887 1265 1372
925 1227 1019 1267 Non
1057 1231 1100 1267 tu
1134 1229 1293 1266 iuratus
1327 1226 1423 1265 mihi
1459 1226 1526 1265 es?

234 1290 373 1328 Pseud.
412 1302 446 1327 v.
482 1290 534 1329 30
574 1290 729 1328 odiosus
769 1289 865 1327 mihi
902 1303 950 1328 es.
1015 1290 1126 1339 Capt.
1163 1302 1197 1328 v,
1236 1290 1314 1328 224
1348 1288 1456 1327 Nam
1492 1289 1527 1327 si

236 1366 326 1391 erus
355 1355 397 1391 tu
424 1352 520 1390 mihi
548 1364 587 1390 es
616 1354 732 1400 atque
762 1364 828 1401 eyo
857 1365 937 1391 esse
964 1366 1023 1392 me
1052 1356 1162 1392 tuum
1189 1352 1331 1391 Pseud.
1359 1363 1395 1391 v.
1428 1351 1527 1390 1166

236 1416 333 1466 quid
358 1427 466 1454 nuuc
492 1414 548 1454 mi
574 1427 613 1453 es
642 1414 799 1461 auctor,
839 1414 965 1463 Simo,
995 1427 1107 1465 quem
1138 1427 1293 1455 versum
1320 1415 1527 1464 quominus

234 1479 399 1519 Ritschl.
429 1478 618 1517 scriberet
646 1478 882 1527 elegantiore
911 1483 1055 1522 metro:
1094 1480 1148 1518 mi
1176 1480 1315 1518 auctor
1343 1479 1381 1518 e's
1409 1477 1526 1526 Simo,

234 1542 456 1591 prohibuit:
498 1541 639 1580 Pseud.
676 1553 710 1578 v.
741 1541 815 1579 231
859 1542 965 1590 Quid
998 1543 1052 1580 mi
1087 1555 1126 1580 es
1164 1545 1321 1588 auctor,
1359 1542 1448 1580 huic
1484 1545 1531 1580 ut

235 1606 395 1644 mittam.
451 1604 567 1644 Poen.
605 1616 639 1642 v.
680 1603 759 1642 404
798 1605 827 1641 Α
867 1604 1047 1653 praebet:
1094 1605 1149 1644 mi
1186 1607 1325 1644 auctor
1361 1617 1424 1652 cs,·
1460 1604 1528 1643 sed

236 1672 341 1707 certo
363 1667 619 1716 praeferenda
640 1671 700 1706 est
728 1666 844 1706 lectio
864 1666 1101 1717 reliquorum
1122 1668 1310 1715 codicum,
1338 1678 1438 1716 quae
1466 1667 1527 1706 hic

237 1731 355 1769 etiam
386 1730 643 1779 elegantiores
683 1730 846 1778 praebet
883 1741 1082 1769 numeros:
1122 1731 1228 1779 Quid
1262 1731 1372 1769 nuuc
1409 1731 1462 1769 mi
1490 1743 1528 1769 es

238 1795 387 1840 auctor,
416 1792 615 1842 Milphio?

292 1859 429 1896 Actum
461 1857 583 1905 igitur
611 1856 658 1894 de
686 1857 744 1895 u's
773 1856 979 1896 coalitione
1007 1856 1045 1895 in
1075 1856 1164 1905 illis,
1193 1867 1293 1905 quae
1321 1868 1442 1906 supra
1468 1860 1529 1896 at-

239 1920 410 1967 tulimus,
440 1919 638 1967 exemplis.
695 1919 878 1958 Addendi
905 1924 997 1959 sunt
1026 1919 1066 1957 hi
1094 1919 1186 1958 loci:

344 1983 463 2023 Stich.
493 1995 527 2022 v.
556 1983 633 2021 322
665 1982 771 2032 Quid
798 1985 877 2022 tam
904 1982 1156 2022 iracundus?

236 2050 321 2097 (nos
350 2058 502 2096 quoque
530 2046 742 2094 loquimur:
771 2058 925 2084 warum
952 2058 994 2084 so
1015 2045 1273 2095 jahzormff)

346 2110 458 2148 Truc.
489 2120 521 2147 v.
549 2108 626 2147 355
670 2108 747 2158 Qui
777 2111 856 2147 tam
881 2108 1092 2157 infacetus‘,
1131 2108 1290 2148 Lemmo
1317 2109 1529 2148 adveniens

242 2174 310 2223 qui
340 2176 440 2212 tuae.
461 2171 475 2224 ΙΙ

344 2235 438 2274 Nou
466 2236 531 2274 des
560 2236 721 2282 amicae,
749 2235 983 2282 Diniarche,
1012 2236 1193 2275 savium?

346 2298 488 2337 Pseud.
517 2310 551 2336 v.
579 2299 656 2337 873
683 2298 783 2346 Eho,
812 2311 866 2337 an
895 2298 1013 2337 etiam
1038 2298 1262 2348 veneficus?

347 2362 405 2401 Ex
434 2361 621 2410 exemplis
650 2362 791 2400 tertiae
809 2372 996 2411 personae
1023 2361 1188 2400 omissae
1216 2361 1292 2400 huc
1310 2361 1529 2410 pertinent:

241 2425 320 2466 Mil.
341 2437 373 2464 v.
398 2424 494 2463 1111
522 2424 627 2473 Quid
643 2424 688 2471 is,
709 2425 821 2474 ecqui
836 2423 985 2475 fortis?
1013 2423 1065 2462 R:
1092 2424 1236 2474 sortist.
1266 2423 1377 2464 Truc.
1399 2436 1432 2463 v.
1454 2423 1531 2463 602
