1776 2893
180 296 295 344 royac
319 297 364 334 ut
391 306 619 341 accurram,
654 293 830 332 mortuus
858 294 961 332 euim
987 293 1220 343 Babullius,·
1257 295 1325 343 IV,
1351 295 1415 344 86,
1442 295 1467 333 3

182 356 290 397 homo
311 369 530 408 peramans
554 368 705 405 semper
730 357 858 395 nostri
881 356 964 405 fuit
984 379 1048 404 —-,
1075 358 1175 396 satis
1197 358 1299 396 enim
1326 361 1467 397 acutus

185 422 223 457 et
241 420 513 469 permodestus
540 430 587 456 ac
615 418 737 457 bonae
761 418 884 468 fruqi,
911 418 1054 467 quibus
1078 418 1172 457 loeis
1194 418 1291 457 falso
1310 420 1470 458 additur

184 484 251 530 est,
280 492 404 530 neque
438 480 562 530 magis
590 485 694 520 reete
724 480 884 520 additur
911 480 962 519 ad
985 480 1077 520 fam.
1104 480 1211 530 VIII,
1237 481 1275 528 4,
1302 482 1326 520 5
1348 475 1469 531 prae-

183 547 291 583 terea
316 545 545 583 uum-iatum
579 543 690 583 uobis
717 547 754 582 et
782 556 861 593 pro
890 546 992 582 certo
1026 543 1199 591 habetur,
1236 554 1469 593 quamquam

182 607 244 647 hic
281 617 433 656 quoque
472 609 509 646 et
544 606 739 656 particula
776 607 853 645 duo
881 606 1001 646 verba
1029 606 1329 656 coniunguntur.
1384 606 1470 652 Qua

186 670 236 709 de
263 681 306 709 re
335 670 453 710 etiam
490 669 553 709 hic
588 669 764 709 conferas
800 670 851 709 ad
879 670 961 709 Att.
991 669 1097 717 VIII,
1124 669 1161 717 2,
1187 670 1214 708 4
1252 683 1319 721 eqo
1354 670 1389 709 si
1426 670 1473 708 de

179 745 280 783 pace
307 735 463 784 aqetur,
493 733 760 783 profecturus,
795 733 832 772 si
859 733 906 772 de
932 732 1038 780 bello,
1074 733 1206 771 videro
1233 732 1298 782 (cf.
1326 744 1363 782 p.
1385 733 1473 783 26);

183 806 307 845 neque
334 795 452 835 ullam
482 807 615 835 ansam
644 796 904 836 dubitationis
930 796 1095 845 praebet

292 858 391 898 Men.
421 870 456 898 v,
482 860 530 899 19
569 858 749 899 Nimium
784 872 851 910 eqo
890 862 926 899 te
955 859 1074 898 habui
1101 858 1332 906 delicatam,
1367 871 1474 898 nuuc

185 922 283 961 adeo
318 925 363 961 ut
397 922 584 972 facturus
620 923 768 971 dicam,
805 923 872 972 qui
909 927 970 962 est
996 922 1220 962 octonarius
1253 922 1475 962 trochaicus

186 985 434 1035 incorruptus
454 996 589 1035 neque,
617 986 710 1035 quia
727 986 1115 1036 proceleusmaticum
1142 985 1180 1024 in
1202 985 1316 1024 initio
1337 996 1472 1024 versus

186 1059 259 1087 non
289 1048 639 1098 perhorrescimus,
676 1049 741 1099 (cf.
769 1050 812 1087 R.
842 1049 943 1087 Prol.
973 1048 1159 1098 CCXCII)
1196 1060 1262 1098 eqo
1289 1047 1475 1095 delemus,

185 1111 287 1159 quod
315 1110 527 1150 retinemus
555 1111 674 1150 etiam
704 1111 843 1151 Pseud.
872 1122 906 1149 v,
931 1110 1006 1150 136
1034 1110 1173 1161 Neque
1200 1123 1267 1162 eqo
1302 1111 1474 1150 homiues

185 1174 310 1226 maqis
346 1196 397 1202 —
434 1173 481 1214 cf.
509 1174 610 1214 Rud.
640 1186 673 1214 V.
698 1175 772 1214 221
810 1174 879 1214 Ita
914 1174 1015 1215 male
1050 1175 1135 1214 vivo
1174 1177 1291 1225 atque
1327 1175 1386 1214 ita
1422 1198 1474 1202 —

185 1239 314 1287 Atque
352 1237 532 1287 quoniam
573 1237 649 1277 iam
688 1250 723 1288 p.
755 1238 806 1278 23
834 1238 1015 1288 vidimus,
1054 1249 1170 1288 quam
1215 1237 1328 1277 facile
1368 1239 1473 1287 apud

183 1301 369 1350 facturus
394 1299 570 1340 futurum
597 1301 756 1341 verbum
785 1302 1073 1342 substantivum
1095 1301 1319 1348 omittatur,
1349 1302 1474 1341 secuti

184 1375 317 1403 sumus
345 1363 596 1403 Ambrosiani
624 1364 898 1404 auctoritatem

291 1426 412 1467 Stich.
441 1438 476 1465 v.
499 1427 547 1466 73
576 1426 714 1477 Neque
741 1427 917 1477 equidem
942 1428 986 1466 id
1009 1427 1174 1477 factura
1200 1440 1325 1477 neque
1357 1430 1400 1466 tu
1431 1431 1477 1466 ut

186 1490 319 1539 facias
348 1489 552 1529 consilium
580 1489 690 1529 dabo

293 1552 359 1593 ubi
388 1552 451 1593 BC
484 1551 648 1592 habent:
688 1552 825 1603 Neque
853 1566 919 1605 eqo
944 1553 1107 1604 factura
1133 1566 1240 1602 sum,·
1268 1554 1313 1593 R.
1342 1560 1474 1593 autem

189 1616 345 1655 scribit:
375 1615 514 1666 Neque
541 1628 609 1667 eqo
634 1617 678 1655 id
703 1629 790 1656 sum
811 1617 996 1666 faetura;
1025 1616 1131 1655 haud
1149 1627 1258 1665 opus.
1315 1616 1355 1655 Si
1378 1616 1474 1664 legi-

190 1689 292 1718 mus:
327 1699 370 1705 —

296 1741 381 1781 Cas.
403 1742 453 1787 11,
484 1744 518 1792 7,
546 1743 572 1782 4
598 1766 649 1771 —
677 1757 736 1782 me
758 1743 1006 1793 suspendam.
1025 1743 1043 1792 ΙΙ
1064 1743 1169 1792 Quid
1190 1755 1287 1791 opus
1312 1746 1378 1790 est,
1408 1744 1476 1792 qui

190 1805 247 1844 sic
272 1804 474 1844 mertuo‘s?
510 1806 687 1856 equidem
715 1809 844 1846 tamen

300 1866 407 1908 sorti
443 1882 528 1908 sum
564 1869 690 1909 victus
727 1892 778 1897 ——
816 1881 889 1908 non
927 1869 1117 1909 assentior
1153 1868 1339 1908 Muellero
1367 1868 1475 1908 Pros.

191 1943 228 1980 p.
253 1931 304 1971 53
332 1932 571 1971 existimanti
601 1927 718 1987 ‘sum'
751 1932 907 1971 verbum
934 1933 1133 1980 excidisse,
1163 1944 1250 1971 nam
1270 1932 1354 1981 ipse
1376 1932 1475 1970 dixit

192 2005 230 2042 p.
251 1994 328 2033 292
349 1995 387 2033 in
416 1995 629 2034 enuntiatis
649 1995 824 2034 relativis
852 1996 956 2044 apud
977 1995 1158 2034 Plautum
1178 2006 1294 2044 saepe
1314 1994 1475 2034 verbum

192 2057 479 2096 substantivum
500 2057 644 2106 deesse,
672 2059 704 2096 si
734 2069 833 2106 quae
852 2069 1018 2106 persona
1036 2056 1276 2107 significetur
1294 2062 1473 2105 apertum

193 2119 246 2159 sit
266 2130 312 2157 ex
331 2119 653 2160 antecedentibus
673 2119 732 2159 vel
752 2120 1003 2169 sequentibus
1023 2119 1161 2160 verbis.
1208 2119 1282 2160 Hic
1302 2119 1342 2158 id
1361 2132 1475 2170 aper-

193 2185 276 2221 tum
313 2186 375 2221 est
411 2193 534 2231 neque
569 2182 718 2221 numeri
753 2181 938 2222 officiunt.
991 2182 1043 2222 Et
1070 2182 1249 2232 quoniam
1286 2183 1476 2232 probatur

195 2245 301 2285 Asin.
330 2257 364 2285 v.
387 2245 461 2285 271
489 2259 606 2296 quam
632 2248 774 2286 nactus
802 2246 871 2296 (sc.
898 2247 1014 2297 sum),
1041 2245 1277 2285 Ribbeckius
1305 2252 1411 2287 recte
1438 2247 1477 2286 in

195 2312 343 2348 textum
374 2309 521 2358 recepit

299 2371 448 2411 Ennius
471 2383 505 2411 V.
523 2371 597 2411 128
629 2372 721 2412 Vidi
743 2372 873 2412 videre
894 2372 997 2423 quod
1012 2385 1071 2411 me
1085 2385 1214 2423 passa
1234 2386 1476 2425 aeqerrume,·

199 2434 357 2475 Vahlen.
384 2448 470 2475 sum
493 2448 628 2484 passa.

302 2497 387 2537 Cas.
412 2497 463 2546 II,
483 2496 519 2544 G,
539 2498 591 2537 64
614 2501 757 2545 autem,
779 2497 960 2547 quoniam
978 2499 1110 2538 iamne
1130 2497 1330 2539 mortuos?
1357 2498 1478 2541 verba
