1776 2893
793 191 845 197 -
898 168 951 209 34
1003 190 1053 196 -

382 273 523 313 Pacuv.
551 272 624 323 frg.
652 273 732 313 260
768 274 888 314 ‘nimis
918 287 1050 325 paene
1087 274 1220 314 auimo
1260 287 1300 315 es
1326 274 1464 323 Molli,
1503 276 1572 327 qui

277 339 484 377 consuetus
516 338 561 377 iu
589 339 712 377 armis
738 338 884 378 Aevom
912 351 1046 390 ayere,
1073 338 1141 378 ubi
1169 348 1242 378 non
1271 337 1479 378 tacendum
1507 343 1570 379 est

276 400 352 438 iam
393 400 624 439 Muellerum
662 400 771 440 Pros.
808 413 873 451 pg.
901 401 979 440 292
1015 401 1180 441 dixisse:
1221 399 1314 456 tDie
1341 400 1570 453 Beziehuuy

218 510 223 515 ,
275 463 356 513 auf
377 463 441 502 die
467 465 600 504 aweite
627 463 781 504 Person
806 466 860 504 ist
878 465 933 504 ‘tm
950 464 1285 517 vorheryeheuden
1314 464 1431 504 Verse
1458 464 1568 504 deut-

274 526 350 565 lich
384 527 471 565 und
506 528 552 565 in
591 527 747 566 solcheu
774 526 921 567 Fa‘llen
954 528 1058 567 wird
1095 528 1154 567 bei
1180 527 1353 566 Plautus
1394 526 1496 566 auch
1523 527 1569 566 iu

274 588 571 630 Relativsdtzert
610 590 682 631 das
709 590 979 642 Hilfsverbum
1018 585 1298 643 ausyelassen',
1338 601 1455 641 quam
1483 601 1570 630 sen—

275 653 440 693 tentiam
478 665 602 703 neque
638 654 706 693 alii
742 654 1007 694 adhibuerunt
1042 664 1167 703 neque
1194 653 1370 693 Mueller.
1398 654 1482 704 ipse
1521 665 1569 693 ea

274 727 368 755 usus
396 719 468 756 est.
525 715 684 757 Minime
712 717 834 766 igitur
862 718 1076 757 mutandus
1104 720 1182 756 est:

380 779 490 819 Cure.
518 792 554 819 v.
583 779 635 819 62
674 780 741 819 ubi
781 781 875 829 tu’s,
917 781 985 831 qui
1025 794 1084 820 me
1118 781 1361 820 convadatus
1407 779 1569 819 Verteris

274 843 522 881 vadimoniis.

381 905 572 952 Quoniam
614 909 745 945 autem
793 906 890 945 haec
929 906 1107 956 exempla
1145 905 1274 945 omnia
1319 907 1570 944 mutaverunt

274 968 350 1008 viri
378 968 505 1016 docti,
544 968 596 1007 ad
632 980 680 1007 ea
715 967 960 1008 defendenda
996 980 1097 1008 nunc
1133 968 1230 1008 alios
1266 968 1371 1009 locos
1398 967 1569 1016 afferam,

275 1030 418 1081 quibus
456 1030 592 1071 eadem
620 1030 845 1072 condicione
881 1030 983 1071 aliae
1010 1030 1156 1071 formae
1184 1031 1293 1072 verbi
1333 1030 1569 1071 substantivi

274 1094 528 1134 omittuntur:
559 1093 679 1134 Stich.
704 1106 739 1133 v.
759 1094 836 1133 649
864 1094 1019 1134 Salvete
1045 1092 1236 1142 Athenae,
1266 1107 1367 1144 quae
1393 1094 1569 1133 nutrices

280 1156 487 1204 Graeciae,
515 1156 582 1195 ubi
602 1157 694 1195 estis
711 1156 926 1205 omittitur;
955 1157 1059 1196 Trin.
1077 1169 1112 1196 v.
1133 1157 1211 1196 393
1247 1157 1389 1197 Verum
1406 1156 1569 1195 meliora

275 1223 370 1259 sunt
396 1232 516 1269 quam
543 1232 644 1268 quae
672 1220 896 1258 deterruma
914 1241 965 1247 —-
986 1219 1088 1259 1049
1117 1220 1209 1267 illis,
1240 1220 1318 1269 Qui
1344 1220 1405 1259 nil
1429 1220 1569 1258 meriti.

379 1281 458 1320 Est
474 1285 606 1320 autem
624 1281 820 1320 omittitur
838 1293 862 1321 a
883 1281 1066 1322 Cicerone
1086 1282 1138 1321 ad
1157 1282 1238 1321 Att.
1257 1282 1340 1329 XV,
1367 1281 1431 1329 40,
1461 1282 1481 1320 1
1502 1281 1571 1319 sed

274 1358 324 1384 ue
350 1345 386 1384 is
413 1344 591 1394 quidem,
632 1345 701 1394 qur·
728 1345 898 1384 omnium
931 1344 1173 1395 flayitiorum
1200 1348 1357 1391 auctor,
1399 1343 1493 1383 bene
1521 1344 1568 1383 de

275 1410 408 1446 nostro
434 1406 523 1455 VII,
550 1407 587 1454 3,
615 1407 640 1445 2
677 1407 746 1445 sed
771 1419 821 1445 ue
849 1406 1063 1454 dubitaris,
1092 1407 1200 1456 quin,
1229 1407 1333 1457 quod
1358 1406 1569 1453 honestius,

275 1471 320 1510 id
344 1470 440 1510 mihi
465 1469 650 1520 futurwm
675 1470 729 1510 sit
745 1470 952 1521 antiquius
978 1470 1068 1520 XII,
1096 1469 1159 1518 38,
1188 1473 1210 1511 3
1238 1470 1318 1510 sive
1336 1470 1438 1509 hauc
1460 1469 1570 1509 aber-

274 1534 469 1573 rationem
495 1546 521 1572 a
550 1533 680 1572 dolore
708 1533 923 1584 deleqerim,
953 1546 1054 1583 quae
1081 1533 1356 1573 liberalissima
1384 1533 1570 1582 doctoque

276 1597 427 1636 homine
455 1596 700 1647 diyuissima,
729 1595 892 1635 laudari
908 1608 968 1635 me
987 1596 1106 1635 etiam
1125 1598 1310 1646 oportere.
1365 1595 1458 1634 Hor.
1488 1594 1570 1634 Sat.

279 1660 312 1707 I,
339 1659 377 1708 5,
405 1659 458 1698 45
494 1657 686 1697 Proxima
731 1657 935 1708 Campano
963 1671 1064 1708 quae
1091 1658 1249 1705 villula,
1287 1661 1428 1697 tectum
1448 1670 1570 1707 prae-

276 1722 384 1771 baut,-
410 1722 443 1770 Ι,
469 1722 508 1769 4,
535 1721 583 1761 51
616 1720 745 1760 ebrius
772 1724 819 1769 et,
855 1733 1040 1773 mayuum
1068 1721 1172 1772 quod
1198 1721 1375 1769 dedecus,
1403 1720 1573 1760 ambulet

276 1789 369 1825 aute
395 1788 545 1824 noctem
554 1798 568 1833 ,·
594 1785 627 1834 I,
656 1784 691 1834 6,
720 1784 772 1824 83
799 1784 1009 1832 Pudicwm,
1047 1786 1116 1834 qui
1135 1785 1294 1834 primus
1320 1785 1477 1824 virtutis
1504 1784 1570 1823 ho-

275 1861 370 1896 uor,
410 1848 599 1895 servabit,·
636 1851 755 1896 atque
783 1848 900 1887 etiam
929 1847 983 1897 II,
1020 1847 1056 1895 3,
1086 1847 1163 1887 144
1198 1846 1362 1897 Pauper
1393 1845 1572 1897 Opbmius

280 1912 357 1961 Qui
394 1911 653 1950 Veientanum
687 1911 799 1960 festis
829 1913 973 1961 potare
1013 1911 1147 1950 diebus
1191 1909 1399 1960 Campana
1434 1909 1573 1948 solitus

278 1975 401 2014 trulla
437 1987 684 2024 vappamque
715 1974 923 2024 profestis,
967 1974 1173 2023 Quondam
1221 1973 1391 2024 letharyo
1428 1972 1573 2023 qraudi

279 2041 337 2077 est
365 2050 585 2087 oppressus.

389 2101 498 2148 Quae
536 2111 622 2140 cum
651 2100 709 2139 ita
736 2100 815 2140 sint
841 2100 999 2141 minime
1027 2099 1201 2140 dubitari
1228 2098 1355 2147 debet,
1383 2098 1476 2149 quin
1505 2098 1572 2138 illo

286 2166 387 2205 Men.
415 2175 549 2204 versu:
577 2164 646 2213 qui
671 2163 767 2202 mihi
792 2164 973 2204 molestus
1000 2164 1145 2203 homiui
1172 2164 1303 2213 iynoto
1330 2163 1507 2212 quisquis
1534 2176 1574 2201 es

286 2230 392 2266 recte
420 2226 627 2265 omittatur
654 2239 694 2265 es
721 2226 760 2265 in
788 2226 951 2265 relativo
979 2226 1181 2266 enuntiato
1210 2225 1278 2276 qui
1302 2225 1505 2274 molestus,·
1532 2228 1573 2265 et

285 2289 555 2339 coniungenda
591 2292 682 2328 sunt
708 2289 829 2329 verba
857 2291 1034 2340 quisquis
1069 2303 1119 2329 es.
1173 2289 1260 2328 Sed.
1289 2288 1391 2328 Men.
1418 2300 1573 2329 versum

286 2353 366 2393 990
392 2352 512 2391 habet
539 2351 664 2390 Vetus
690 2351 809 2390 codex
836 2353 956 2393 hunc:

392 2414 545 2455 Mittite
582 2413 710 2454 istunc
736 2426 764 2454 ::
806 2414 968 2455 Obsecro
1005 2418 1040 2455 te
1075 2415 1252 2466 quisquis
1289 2425 1447 2464 operam
1480 2414 1576 2454 mihi

286 2483 332 2520 ut
359 2480 437 2526 des,
