1776 2893
239 756 497 799 Ritschelium
542 753 790 794 notissimum
835 754 896 793 est
941 752 990 792 de
1032 751 1141 792 verbi
1186 750 1422 792 substantivi

134 823 240 873 apud
274 822 460 861 Plautum
507 818 716 857 omissione
760 816 835 856 hoc
880 816 1021 856 tulisse
1066 815 1253 855 iudicium
1298 814 1419 864 (Prol.

135 898 172 934 p.
202 884 331 934 CIX):
376 882 460 930 Quo
497 880 673 919 Plautus
707 891 881 919 sermone
917 879 1044 918 utitwr
1081 878 1137 917 ad
1169 877 1273 917 vitae
1304 889 1421 917 usum

135 957 370 987 communem
397 943 616 994 composito,
644 942 693 983 ab
719 954 762 982 eo
789 945 827 982 et
851 944 933 990 ,est‘
961 944 999 982 et
1024 943 1089 990 ,es‘
1115 940 1221 981 verbi
1247 941 1419 981 omissio-

132 1023 221 1049 nem
243 1021 329 1048 cum
355 1020 382 1046 a
404 1007 531 1056 poetis
550 1009 630 1045 tvm
656 1018 684 1045 a
703 1005 958 1055 scriptoribus
982 1005 1276 1055 frequentatam
1292 1004 1419 1044 scien·

134 1072 228 1112 dum
253 1073 310 1110 est
336 1069 490 1109 omnino
518 1082 598 1109 esse
625 1069 798 1109 alienam
831 1081 903 1108 nec
928 1068 1010 1108 nisi
1043 1067 1260 1108 rarissimis
1287 1068 1420 1108 condi-

136 1133 309 1174 cionibus
340 1132 560 1182 probatam.
623 1132 755 1182 Atque
790 1130 967 1181 profecto
1002 1131 1069 1182 qui
1107 1131 1147 1170 in
1185 1130 1421 1171 carminibus

133 1199 341 1246 poetarum
359 1196 587 1245 Augusteae
614 1195 757 1235 aetatis
773 1195 835 1234 vel
854 1195 952 1235 adeo
971 1195 1100 1234 Taciti
1117 1194 1228 1235 libris
1246 1194 1422 1245 legendis

134 1261 314 1298 versatus
333 1259 542 1298 accesserit
560 1259 612 1298 ad
629 1257 764 1298 Plauti
780 1257 947 1307 fabulas,
974 1258 1008 1298 is
1027 1258 1255 1308 admiretur,
1274 1261 1421 1309 quanto

134 1321 263 1360 rarius
291 1320 339 1359 ab
367 1320 442 1361 hoc
469 1321 704 1361 admittatur
730 1321 839 1361 verbi
865 1321 1075 1361 ommissio.

240 1383 389 1423 Verum
416 1385 534 1423 etiam
553 1385 721 1423 sermoni
747 1383 933 1423 familiari
951 1387 1070 1434 atque
1088 1384 1299 1433 cotidiano,
1326 1396 1423 1435 qua-

133 1447 182 1487 lis
209 1446 418 1486 Plautinus
446 1449 517 1495 est,
546 1457 634 1486 cum
661 1447 702 1486 in
730 1445 818 1486 aliis
844 1446 989 1496 linguis
1017 1449 1175 1497 praeter
1201 1446 1300 1487 alias
1326 1446 1424 1487 haec

132 1510 310 1559 licentia,
349 1521 449 1560 quae
486 1510 618 1559 posita
653 1513 714 1549 est
749 1510 789 1549 in
823 1509 942 1549 verbo
979 1509 1226 1549 substantivo
1264 1511 1421 1563 omisso,

135 1573 361 1612 conceditur
387 1575 471 1611 tum
500 1584 524 1611 a
550 1572 685 1622 lingua
710 1573 854 1612 Latina
889 1584 975 1613 eam
1001 1584 1079 1612 11011
1106 1572 1273 1613 alienam
1299 1572 1422 1613 fuisse

135 1636 275 1676 docent
293 1648 365 1675 nos
393 1636 422 1675 ii
449 1636 675 1686 scriptores,
702 1635 889 1688 qui-alius
917 1637 1060 1676 aetatis
1087 1636 1278 1686 praebent
1304 1637 1421 1676 huius

134 1699 323 1737 sermonis
351 1699 571 1748 imaginem,
606 1699 715 1752 velut
741 1699 961 1747 Terentius,
998 1698 1134 1738 Cicero
1161 1699 1201 1738 in
1229 1698 1420 1749 epistulis,

135 1760 325 1801 Horatius
353 1761 393 1800 in
414 1762 561 1811 satiris,
588 1762 806 1802 Petronius.
846 1762 987 1812 Itaque
1013 1762 1170 1802 minime
1192 1765 1420 1812 exspectan-

136 1825 234 1864 dum·
256 1825 327 1864 sed
364 1825 462 1864 satis
491 1826 712 1865 mirandum
740 1828 864 1874 esset,
901 1825 937 1864 si
962 1824 1128 1864 Plautus
1169 1824 1217 1864 ab
1245 1824 1319 1865 hoc
1344 1836 1421 1865 usu

136 1887 243 1928 solus
280 1887 428 1927 secludi
464 1887 633 1928 deberet.
688 1888 802 1927 Unde
837 1890 969 1926 autem
1006 1887 1082 1927 nisi
1117 1899 1163 1927 ex
1189 1887 1301 1927 libris
1328 1899 1419 1927 mss.

137 1951 345 1999 discamus,
372 1962 489 2000 quam
511 1950 615 1989 viam
642 1951 842 2000 ingressus
870 1950 923 1989 sit
940 1949 1118 1998 Plautus,
1145 1950 1329 1999 quoniam
1355 1961 1421 1990 ve·

136 2015 264 2052 terum
304 2014 645 2063 grammaticorum
681 2013 905 2052 testimonia
944 2024 1022 2052 non
1049 2014 1233 2052 exstant?
1285 2013 1339 2052 Et
1365 2013 1424 2053 illi

138 2077 236 2115 satis
263 2076 406 2120 acriter
433 2079 610 2126 pugnant
637 2078 774 2117 contra
793 2075 999 2116 Ritschelii
1025 2076 1269 2116 sententiam.
1322 2075 1424 2116 Nam

137 2140 306 2189 primum
334 2140 490 2190 quidem
517 2153 662 2188 sumus,
691 2140 793 2188 estis,
820 2142 924 2188 sunt,
951 2153 1038 2179 sum
1063 2138 1279 2179 formarum
1305 2140 1422 2179 omis-

138 2202 196 2241 sio
223 2203 348 2242 multo
375 2202 495 2243 latius
523 2205 655 2253 patet,
683 2214 801 2254 quam
827 2202 1067 2244 Ritschelius
1102 2205 1187 2243 tum
1213 2214 1423 2254 perspexe-

138 2269 221 2314 rat,
263 2278 350 2306 cum
387 2267 668 2316 Prolegomena
708 2278 796 2306 cum
841 2278 994 2306 summa
1022 2266 1159 2305 salute
1200 2267 1422 2306 studiorum

138 2326 413 2368 Plautinorum
436 2328 643 2379 scribebat,
671 2332 712 2369 et
738 2332 893 2370 exstant
919 2329 996 2369 loci
1021 2341 1099 2369 non
1124 2330 1254 2380 pauci,
1281 2329 1422 2381 quibus

95 2413 101 2420 -
140 2391 297 2431 omissio
324 2393 503 2432 excusari
528 2405 605 2432 non
632 2395 766 2442 potest
792 2392 987 2432 rhetorico
1013 2404 1154 2442 genere
1181 2392 1335 2432 dicendi
1362 2392 1424 2432 vel

140 2446 398 2495 commotione
424 2455 544 2495 animi
580 2455 642 2495 vel
678 2454 755 2495 alio
783 2457 1013 2505 argumento
1050 2465 1208 2505 sensus,
1246 2455 1314 2506 qui
1350 2466 1424 2496 nos

139 2514 247 2555 haud
272 2529 363 2556 raro
391 2517 527 2558 fallere
554 2518 663 2558 solet.
1309 2535 1311 2537 ’
