1776 2893
733 205 995 244 -25-

327 310 443 359 Epid.
471 323 507 350 v.
534 310 612 350 285
656 310 756 350 Twm
792 314 836 350 tu
870 309 1004 360 ifitm,
1041 310 1078 348 si
1104 310 1201 358 quid
1227 312 1400 356 acturus,
1428 322 1510 359 aye.

327 372 468 422 Amph.
494 385 530 412 v.
557 373 637 412 320
677 371 723 411 Si
748 373 793 411 in
818 385 878 411 me
904 372 1169 418 exerciturus,
1198 383 1341 420 quaeso
1366 372 1411 410 in
1432 384 1510 421 pa-

221 435 355 475 rietem
380 438 427 475 ut
446 436 624 485 primum
649 435 788 475 domes.

326 498 440 537 Truc.
468 508 504 536 v.
537 495 610 535 150
638 496 685 536 So·
711 498 913 536 arationes
939 496 1174 544 Habitums,
1203 497 1273 546 qui
1307 497 1421 535 armi
1447 510 1508 535 so-

223 560 314 609 lent,
342 560 398 600 ad
415 565 565 611 pueros
592 561 650 601 ire
676 560 841 601 meliust.

329 623 413 662 BG:
451 624 665 671 nammis,
694 624 763 663 sed
791 636 865 664 non
893 627 976 672 est,
1004 623 1106 673 quod
1136 633 1224 661 cum
1252 621 1422 660 Meursio
1450 632 1511 660 co-

222 685 392 736 gitemus
419 686 469 726 de
496 686 614 726 verbo
641 686 849 727 habiturio

329 748 439 787 Asin.
467 760 503 787 v.
531 749 628 787 612:
656 750 777 788 Hanc
804 750 896 799 quoi
922 750 1103 795 daturus,
1130 749 1234 786 hanc
1259 748 1347 786 iube
1368 751 1514 796 petere.

325 811 513 850 Videmus
555 811 679 860 igitur
717 814 776 851 tot
812 811 988 861 exempla
1025 821 1111 849 esse
1145 809 1288 849 similia
1327 813 1369 850 et
1406 810 1510 849 inter

221 884 264 911 se
300 873 488 913 acerrime
525 873 795 921 defendentia,
831 876 876 913 ut
915 874 970 921 is,
1012 872 1078 921 qui
1119 884 1166 911 ea
1200 872 1238 910 in
1275 884 1394 911 unum
1424 884 1513 911 con-

221 937 399 984 spectum
427 934 570 975 collata
589 935 745 984 viderit,
774 936 852 976 iam
882 947 956 976 non
984 936 1130 976 audeat
1157 946 1203 974 ea
1231 938 1394 974 mutare.
1436 934 1513 974 Sed

222 989 277 1037 ut⁴
292 998 394 1037 hanc
430 1010 511 1037 rem
551 999 670 1038 etiam
710 1000 856 1040 certius
882 1000 1151 1047 absolvamus,
1188 1011 1289 1038 nunc
1317 1009 1382 1037 eos
1408 998 1514 1037 locos

222 1059 494 1110 inspiciamus,
531 1061 672 1110 quibus
708 1075 747 1101 es
784 1062 975 1102 traditum
1013 1065 1074 1101 est
1100 1062 1207 1111 apud
1233 1060 1358 1100 futuri
1387 1061 1511 1111 parti-

222 1122 376 1173 cipium.
433 1125 563 1174 Atque
589 1126 757 1173 primum
784 1125 941 1175 quidem
969 1126 1015 1165 R.
1044 1125 1181 1164 scribit
1207 1125 1328 1165 etiam

328 1185 451 1225 Stich.
479 1198 515 1224 v.
544 1186 640 1226 633:
680 1188 777 1237 quid
804 1187 1006 1237 capturu's
1033 1187 1181 1234 consili,
1209 1187 1278 1226 sed
1308 1187 1340 1225 B
1368 1187 1510 1226 habet:

221 1261 261 1289 es
298 1250 508 1299 capturus,
549 1250 653 1300 quod
690 1250 871 1301 quoniam
908 1249 1016 1291 locus
1054 1253 1114 1290 est
1152 1249 1266 1290 valde
1303 1252 1510 1299 corruptus

222 1322 297 1349 non
325 1323 412 1351 cum
432 1312 711 1361 probabilitate
737 1316 926 1360 mutatur,
953 1313 1183 1361 praesertim
1203 1324 1290 1352 cum
1309 1313 1407 1352 haec
1434 1313 1512 1351 col-

218 1373 360 1413 locatio
400 1373 607 1414 verborum
643 1375 696 1414 sit
729 1375 901 1423 usitata,
939 1378 985 1414 ut
1011 1378 1177 1425 apparet
1212 1386 1258 1414 ex
1295 1375 1437 1414 Pseud.
1470 1386 1504 1414 V.

228 1437 301 1476 751
341 1436 421 1476 Sed
447 1438 545 1487 quid
570 1451 610 1477 es
637 1439 828 1478 acturus?
882 1438 997 1478 Poen.
1025 1450 1061 1478 v.
1090 1438 1168 1477 305
1201 1437 1248 1477 Si
1287 1439 1442 1488 quidem
1469 1441 1513 1477 tu

225 1512 265 1539 es
291 1512 438 1539 mecum
462 1501 637 1550 fumus.
691 1501 830 1540 Pseud.
857 1513 893 1541 v.
922 1501 998 1540 387
1032 1500 1135 1541 Cedo
1161 1501 1243 1540 iam
1268 1501 1383 1549 mihi,
1418 1501 1515 1551 quid

225 1575 266 1601 es
290 1563 503 1612 facturus?
556 1563 672 1604 Bach.
699 1576 734 1604 v.
765 1564 841 1604 716
883 1565 980 1615 quid
1005 1576 1113 1604 nunc
1140 1577 1179 1603 es
1214 1564 1429 1615 facturus?
1469 1564 1514 1603 id

224 1625 320 1664 mihi
345 1626 419 1665 dic.
474 1626 614 1676 Amph.
643 1639 677 1667 v.
705 1627 783 1667 393
832 1628 974 1668 Verum
1008 1630 1100 1668 utut
1135 1641 1175 1668 es
1209 1629 1405 1678 facturuS,
1444 1627 1513 1667 hoc

226 1687 381 1738 quidem
407 1688 533 1728 hercle
569 1689 668 1729 haut
692 1691 856 1730 reticebo
884 1694 1024 1739 tamen,
1063 1690 1130 1730 ubi
1159 1690 1316 1730 minime
1345 1689 1514 1730 debebat

225 1750 413 1790 Fleckeis.
439 1754 694 1802 transponere
713 1767 753 1793 es
768 1754 954 1804 facturus
972 1765 1094 1803 eoque
1109 1754 1280 1794 scribere
1305 1753 1513 1803 facturu's.

225 1812 360 1863 Neque
400 1815 525 1863 magis
561 1826 659 1864 opus
695 1820 756 1856 est
783 1820 937 1856 mutare
973 1817 1074 1857 Rud.
1105 1827 1138 1855 V.
1166 1816 1265 1857 469:
1308 1816 1445 1855 Etiam
1473 1816 1513 1854 e‘s

226 1878 439 1924 acceptura
463 1890 609 1916 urnam
635 1879 758 1917 hanc:
793 1880 860 1918 ubi
886 1880 961 1917 tu’s
985 1879 1187 1929 yentium?
1227 1878 1293 1918 ubi
1319 1877 1377 1916 Fl.
1407 1877 1513 1915 haud

225 1939 350 1978 recte:
378 1941 623 1990 aeceptwra's
648 1940 823 1981 urnam?
876 1941 984 1982 Idem
1013 1941 1111 1982 Rud.
1141 1954 1175 1982 v.
1202 1940 1279 1982 467
1315 1940 1383 1981 ubi
1410 1939 1514 1980 bei's?

226 2002 394 2042 etiamne
420 2003 523 2044 hanc
548 2006 694 2044 arnam
720 2018 759 2044 es
787 2005 1033 2055 deceptura?
1059 2006 1184 2045 ubi’s?
1221 2005 1513 2045 collocationem

224 2065 431 2105 verborum
477 2068 735 2107 rectissimam
782 2067 951 2107 mutavit
997 2068 1056 2108 in:
1104 2068 1360 2119 aeceptura’s.
1425 2066 1514 2106 Alia

226 2128 402 2178 exempla
431 2141 552 2179 neque
580 2142 626 2170 ex
654 2131 785 2170 Plauti
824 2142 948 2180 neque
975 2143 1022 2170 ex
1048 2132 1222 2171 Terentii
1249 2130 1392 2170 fabulis
1419 2129 1514 2168 mihi

225 2190 430 2230 adnotavi:
460 2192 518 2231 De
545 2193 645 2232 Rud.
674 2205 709 2232 v.
740 2192 813 2231 181
843 2196 975 2233 autem
1003 2193 1107 2232 infra
1133 2204 1307 2242 agemus.

332 2253 503 2294 Primum
523 2255 645 2306 igitur
673 2256 706 2295 si
725 2254 773 2295 iis
800 2254 906 2304 locis,
935 2255 1001 2296 ubi
1029 2269 1069 2296 es
1088 2256 1248 2296 verbum
1268 2255 1511 2295 coniunctum

223 2319 285 2354 est
321 2328 405 2356 cum
442 2319 650 2367 participio
698 2331 738 2357 es
774 2322 867 2358 ante
904 2319 1156 2368 participium
1207 2319 1387 2368 ponitur,
1435 2328 1511 2356 non

226 2378 423 2420 debebant
449 2381 523 2420 viri
551 2382 656 2422 docti
684 2381 758 2422 sibi
786 2393 939 2422 sumere
968 2395 1007 2422 es
1034 2386 1094 2422 tot
1120 2382 1206 2422 aliis
1234 2380 1420 2430 exemplis
1448 2392 1512 2420 ex-

225 2442 367 2482 cidisse
410 2444 562 2483 incuria
607 2444 854 2483 librariorum
901 2448 991 2494 post
1037 2445 1299 2494 participium.
1360 2443 1513 2483 Deinde

225 2504 348 2545 multo
366 2507 513 2547 maiore
540 2506 625 2546 iure
644 2506 838 2557 quispiam
867 2508 972 2547 ausit
990 2519 1038 2547 ea
1064 2519 1189 2558 pauca
1209 2505 1397 2556 exempla,
1426 2505 1511 2556 qui-
