1776 2893
776 155 1037 194 -86-

263 261 369 298 recte
399 259 685 308 transposuerit
725 259 839 313 ‘quid
875 262 992 308 opust
1027 254 1168 298 verbis’
1212 270 1282 308 pro
1320 260 1417 309 quid
1457 273 1555 311 opus

264 321 426 369 verbist,
468 332 556 360 nam
595 332 749 371 semper
784 321 822 361 in
860 321 936 362 hac
972 320 1138 362 formula
1175 325 1233 361 est
1257 321 1440 362 coalescit
1467 335 1555 364 cum

267 379 420 440 ‘opust'
462 384 520 423 Dc
548 384 616 423 illo
643 396 759 424 versu
786 385 1018 425 Mercatoris
1045 385 1168 434 igitur
1194 397 1269 424 non
1299 384 1556 427 dubitandum

266 451 340 494 est,
380 447 472 496 quin
502 450 608 486 recte
637 447 828 487 traditum
858 448 930 487 sit:
971 448 1086 503 (quid
1113 446 1275 498 opus[t]
1301 441 1459 496 verbis}
1486 448 1556 488 sed

268 521 404 550 versus
432 521 591 549 mancus
619 513 680 549 est
707 513 747 549 et
774 510 954 560 equidem
981 510 1268 560 proposuerim:

377 573 483 622 Quid
510 572 671 624 opusst]
697 572 821 612 verbis
839 572 1020 624 [multis]
1029 573 1050 612 ‚9
1078 574 1151 612 emi
1167 576 1285 623 atque
1303 574 1446 613 advexi
1463 573 1557 620 heri,

374 635 477 683 quod
506 638 642 684 aptum
672 646 758 675 esse
793 647 905 674 nemo
934 635 1111 686 negabit:
1151 646 1239 674 nam
1279 636 1404 675 multa
1440 635 1560 676 verba

269 696 363 738 fecit
390 697 593 748 prologus,
622 698 715 748 quia
741 699 864 738 amori
892 698 1043 738 aceedit
1070 698 1367 749 multiloquium.
1422 698 1475 738 Et
1502 699 1559 737 iu-

270 761 446 799 venimus
486 761 588 799 Men.
627 774 662 800 v.
699 761 776 800 473
811 761 922 800 Idem
964 773 1031 813 eqo
1072 761 1245 801 dicebam
1285 762 1381 812 quid
1428 761 1562 801 multis

271 822 397 862 verbis
422 822 598 874 [opust],
635 824 701 863 ubi
740 827 874 873 opust,
911 825 1013 873 quod
1043 835 1135 864 casu
1163 825 1328 873 excidit,
1362 836 1385 863 a
1413 824 1561 874 Pylade

272 885 499 924 restitutum
529 890 601 926 est.

379 948 510 987 Etiam
538 949 576 987 in
617 949 690 988 hac
717 948 886 988 formula
925 951 969 988 ut
997 949 1167 990 vidimus
1193 949 1283 990 libri
1313 953 1373 989 ter
1399 948 1497 996 (Mil.
1526 961 1561 988 v.

277 1010 380 1048 1213
417 1013 457 1049 et
484 1011 602 1049 Merc.
632 1024 666 1050 v.
698 1011 773 1050 106
810 1015 850 1050 et
888 1011 1004 1050 Poen.
1043 1024 1079 1051 v.
1117 1012 1195 1051 428
1225 1014 1274 1059 A)
1311 1012 1471 1052 verbum
1509 1014 1566 1050 est

276 1073 499 1112 omiserunt.
555 1073 632 1113 Sed
661 1074 694 1113 si
721 1074 809 1124 quis
837 1074 1011 1123 postulet
1049 1079 1094 1115 ut
1121 1074 1285 1115 Plautus
1312 1075 1351 1114 in
1379 1074 1453 1114 hac
1480 1073 1565 1124 qui-

276 1136 364 1176 dem
392 1135 559 1175 formula
586 1136 661 1176 sibi
689 1140 861 1184 constet,
889 1137 924 1176 ei
951 1148 1025 1176 non
1055 1138 1220 1177 multum
1248 1138 1448 1187 obloquar,
1476 1148 1564 1176 nam

278 1197 437 1239 difficile
485 1202 545 1238 est
590 1199 706 1238 certis
746 1198 887 1239 finibus
931 1200 1034 1240 hunc
1085 1211 1195 1239 usum
1242 1199 1566 1241 circumscribere.

278 1262 323 1300 Id
355 1262 640 1302 concedendum
679 1265 739 1302 est
775 1262 957 1302 librarios
993 1274 1068 1302 non
1108 1264 1234 1302 minus
1271 1263 1383 1303 facile
1422 1262 1569 1303 addere

277 1324 453 1373 potuisse
480 1335 597 1373 quam
627 1325 808 1365 omittere
845 1337 968 1375 neque
996 1325 1200 1375 quisquam
1238 1337 1379 1376 negare
1407 1324 1568 1364 audebit

280 1386 462 1426 Plautum
504 1388 622 1427 etiam
651 1389 758 1438 apud
798 1401 912 1444 ‘opus
939 1383 1009 1428 est’
1040 1388 1215 1429 omisisse
1244 1391 1318 1436 est,
1358 1399 1446 1428 nam
1476 1398 1568 1426 non-

282 1452 373 1490 dum
413 1451 543 1490 omnia
579 1451 784 1491 attulimus
823 1451 999 1501 exempla
1034 1451 1104 1491 sed
1133 1451 1249 1491 etiam
1289 1452 1326 1490 in
1357 1449 1569 1491 enuntiatis

282 1514 458 1554 relativis
478 1514 685 1563 omittitur,
716 1509 805 1569 ‘est'
836 1514 918 1554 Mil.
937 1527 973 1554 v.
992 1515 1068 1555 917
1096 1518 1317 1555 remoratur
1344 1514 1448 1564 quod
1474 1525 1571 1562 opus

284 1578 352 1627 qui
380 1577 446 1631 dei
472 1577 612 1626 Amph.
632 1589 666 1616 v.
687 1577 765 1616 970
791 1580 838 1617 ut
862 1578 1110 1628 adparenbur
1129 1578 1268 1628 quibus
1286 1589 1384 1628 opus
1411 1576 1445 1625 (I
1475 1587 1572 1629 opus

284 1642 367 1689 est).
422 1639 475 1678 Et
514 1639 611 1678 illud
652 1639 715 1679 hic
743 1651 894 1690 quoque
932 1641 1093 1680 monebo
1122 1651 1195 1679 non
1225 1640 1281 1680 ita
1308 1642 1459 1680 certum
1487 1648 1572 1678 esse

285 1697 375 1759 ‘est'
405 1713 557 1752 semper
585 1703 808 1743 adscribere
838 1698 973 1759 ‘opus’
1003 1702 1202 1743 vocabulo.
1256 1702 1384 1742 Velut*
1400 1701 1432 1741 si
1460 1701 1573 1740 Truc.

285 1778 318 1804 v.
342 1766 419 1806 873
449 1765 623 1804 traditur
652 1767 767 1821 ‘quid
793 1779 836 1806 eo
864 1762 993 1817 opus’‚
1022 1766 1214 1816 equidem,
1243 1765 1276 1804 si
1307 1760 1394 1821 ‘est'
1424 1764 1570 1804 adden-

287 1830 379 1867 dum
408 1831 512 1868 esset
541 1828 655 1867 valde
697 1828 939 1879 dubitarem,
976 1833 1107 1869 utrum
1143 1828 1352 1869 scriberem
1382 1821 1494 1883 ‘eost’
1524 1837 1574 1866 an

286 1887 453 1947 copiast}
490 1903 579 1930 nam
617 1892 791 1931 traditur
831 1892 973 1942 Amph.
1008 1905 1043 1932 v.
1085 1892 1159 1931 341
1211 1892 1308 1942 quid
1345 1894 1424 1930 eost
1473 1902 1572 1939 opas

288 1955 406 1994 Merc.
434 1954 512 1993 405
540 1954 648 1993 Nam
676 1955 773 2004 quid
798 1959 879 1995 eost
906 1968 1014 2005 opus,
1042 1955 1152 1994 cuius
1170 1953 1433 1994 collocationis
1459 1951 1576 2002 paulo

288 2017 391 2057 infra
419 2017 537 2056 etiam
566 2017 680 2067 plura
708 2017 974 2058 adscribemus
1002 2017 1190 2067 exempla.

310 2075 317 2084 ³
394 2080 507 2119 Nunc
534 2080 636 2118 enim
663 2081 775 2120 nobis
802 2081 996 2131 agendum
1031 2083 1091 2120 est
1119 2080 1167 2120 de
1194 2079 1313 2120 Bach.
1342 2090 1376 2119 V.
1405 2079 1481 2119 398
1510 2077 1577 2129 qui

289 2143 431 2184 summi
468 2143 655 2183 momenti
683 2148 743 2183 est
772 2144 821 2182 ad
850 2155 951 2191 rem,
989 2143 1038 2182 de
1072 2155 1149 2193 qua
1176 2144 1352 2194 agimus,
1385 2147 1492 2183 recte
1519 2142 1578 2181 di-

290 2208 552 2247 iudicandam.
599 2207 758 2246 Summa
786 2207 887 2245 enim
908 2207 1148 2246 contentione
1168 2209 1360 2256 negarunt
1379 2205 1453 2244 viri
1473 2204 1579 2244 docti

291 2271 451 2310 verbum
492 2269 782 2310 substantivum
830 2270 963 2310 deesse
1009 2280 1120 2320 posse
1159 2269 1265 2319 apud
1310 2281 1477 2319 aequum
1523 2270 1581 2307 est

286 2349 369 2385 par
398 2338 455 2373 est
482 2338 628 2374 certum
669 2337 725 2373 est
761 2335 898 2373 melius
926 2337 999 2381 est,
1026 2334 1182 2372 similia.
1236 2332 1421 2370 Traditur
1448 2334 1579 2369 autem

292 2398 412 2436 Bach.
441 2409 474 2436 v.
503 2398 597 2437 398:
