1776 2893
730 201 988 240 -93-

324 310 437 349 Truc.
466 319 501 347 v.
531 306 609 346 820
643 316 770 344 meum
804 303 899 343 ilbuc
936 304 1115 353 facinus,
1155 318 1241 344 mea
1274 306 1480 346 stultitiast
1488 319 1501 354 ,·

219 369 253 413 si
278 371 487 419 Kiessling.
523 368 705 418 sacimast
739 365 898 413 scribit,
938 365 974 404 ei
1001 366 1043 404 id
1070 367 1268 406 adsentior
1304 379 1380 407 non
1408 380 1500 418 sup—

218 434 406 485 plendum
426 441 512 471 esse
539 429 698 469 verbum
717 429 904 477 sequens;
934 429 1107 466 attamen
1135 432 1190 468 est
1211 430 1339 469 omitti
1357 434 1499 480 potest.

324 494 435 535 Cure.
464 506 499 533 v.
531 493 579 532 15
615 491 724 531 Huic
745 490 971 541 proximam
1008 490 1111 530 illud
1146 492 1284 531 ostium
1322 494 1501 533 occlusis-

219 560 359 599 simwm

325 620 389 661 Sic
415 619 479 659 hic
506 629 649 659 versus
669 617 827 668 elegans
863 620 904 657 et
932 628 1051 656 sanus
1078 618 1261 657 traditur.
1315 619 1361 657 Id
1388 619 1422 657 si
1448 620 1505 658 ita

221 687 293 733 est,
319 682 558 722 mutationes
576 680 703 720 solent
721 674 858 720 carere*
871 678 1170 729 probabilitate3
1198 681 1355 720 minime
1374 685 1505 721 autem

221 749 384 798 propter
411 748 470 785 est
495 744 682 784 omissum
707 743 772 783 hic
797 754 934 783 versus
962 743 1174 783 tentandus
1202 746 1274 783 est.

326 803 490 848 Deinde'
504 819 538 846 v.
569 808 637 847 16:
679 803 821 846 Salve!
854 804 1046 845 valuistin
1079 804 1251 857 [usque]
1278 807 1418 847 ostiam
1446 820 1506 848 oc-

227 872 497 920 otiosissimum,

325 935 393 974 ubi
428 933 543 973 finem
570 944 707 973 versus
734 932 833 972 falso
861 932 1072 981 repetitum
1100 943 1187 971 esse
1214 932 1254 971 in
1282 938 1421 983 aperto
1449 939 1509 975 est

221 1002 339 1050 atque
365 998 506 1038 Festus
542 996 653 1037 nobis
681 1007 812 1036 veram
838 994 1044 1035 lectionem
1080 996 1253 1035 servavit
1279 998 1346 1047 qui
1372 998 1507 1039 habet:

223 1062 486 1101 ocuh‘ssimum
513 1061 652 1099 ostium
670 1060 820 1099 amicae
834 1071 847 1097 .·
873 1059 1013 1107 Itaque
1039 1059 1146 1108 apud
1168 1058 1374 1098 Goetzium
1402 1066 1508 1101 recte

221 1124 408 1174 legimus:
438 1122 552 1162 Salve
570 1121 755 1161 valuistin
773 1132 897 1171 usque
910 1119 1189 1161 oculissumum
1205 1122 1359 1162 ostium.
1396 1124 1510 1172 Quod

223 1190 353 1238 autem
379 1198 429 1226 ne
455 1185 553 1225 illud
580 1185 730 1225 amicae
755 1185 904 1235 periret
931 1183 1063 1224 Goetz.
1099 1187 1225 1224 totum
1253 1197 1395 1226 novum
1423 1199 1508 1227 ver-

222 1263 309 1291 sum
337 1249 530 1298 condidit,
559 1260 712 1289 errasse
739 1248 835 1288 mihi
861 1248 1036 1288 videtur:
1073 1247 1172 1288 illud
1198 1250 1349 1290 amicae
1375 1254 1510 1300 potest

222 1313 277 1353 ibi
313 1312 607 1363 perspicuitatis
655 1323 773 1352 eausa
813 1312 990 1351 additum
1028 1323 1134 1361 esse,
1179 1313 1284 1362 quod
1318 1313 1359 1353 in
1398 1318 1508 1354 textu

221 1377 354 1430 Plauti
379 1388 456 1415 non
483 1376 740 1415 desideratur.
795 1375 933 1426 Itaque
958 1375 1248 1426 proposuerim:

326 1452 360 1479 v.
392 1440 440 1479 15
467 1438 576 1478 Huic
608 1451 847 1489 promumum
884 1438 983 1478 illud
1017 1439 1156 1478 ostium
1184 1438 1509 1480 occlusissumum.

328 1515 363 1542 v.
395 1504 443 1542 16
471 1501 599 1549 Salve,
626 1502 815 1541 valuistin
842 1514 965 1552 usque
992 1502 1266 1544 oculissumum
1294 1503 1459 1542 ostium?

328 1565 476 1605 Nonne·
490 1566 621 1604 omnia
646 1565 764 1615 plana
790 1568 882 1605 sunt
909 1569 949 1605 et
973 1565 1090 1615 plena
1116 1565 1291 1615 leporis?

328 1629 469 1679 Amph.
497 1641 531 1667 v.
563 1629 660 1668 1091
699 1628 936 1680 Amphitruo
975 1628 1037 1667 hic
1074 1628 1230 1678 quidem
1266 1641 1355 1668 erus
1391 1643 1509 1679 meuS,

224 1695 387 1743 propter
424 1692 656 1732 sententiam
693 1692 849 1742 quidem
886 1695 945 1731 est
977 1691 1161 1731 facillime
1197 1691 1332 1732 abesse
1368 1698 1509 1743 potest,

225 1756 296 1794 sed
332 1767 581 1794 numerorum
622 1766 740 1795 causa
766 1754 907 1794 Kiessl.
950 1755 1037 1794 add.
1067 1758 1133 1803 est,
1174 1756 1280 1804 quod
1307 1755 1441 1796 GoetZ.
1470 1758 1509 1796 in

226 1821 376 1858 textum
412 1819 570 1868 recepit.
625 1819 734 1866 Quae
771 1818 991 1858 emendatio
1029 1818 1213 1868 quoniam
1239 1817 1424 1859 facillima
1450 1824 1510 1859 est

227 1881 440 1932 improbari
476 1882 540 1921 vix
565 1884 708 1931 potest.
762 1880 881 1921 Nulla
908 1884 1038 1921 autem
1066 1893 1108 1921 re
1136 1893 1439 1932 commovemur,
1465 1888 1511 1922 ut

227 1944 377 1995 aliquid
404 1948 599 1985 mutemus

331 2009 445 2049 Truc.
481 2021 516 2049 v.
554 2010 631 2049 808
675 2009 783 2050 Puer
828 2009 984 2060 quidem
1023 2009 1158 2049 beatus
1168 2022 1181 2048 .·
1227 2014 1371 2050 matres
1410 2012 1511 2050 duas

228 2072 341 2112 habet
367 2075 405 2112 et
430 2073 542 2112 avias
569 2073 682 2120 duas,

331 2148 421 2176 nam
459 2135 656 2186 permulta
682 2136 761 2176 iam
789 2135 994 2176 attulimus
1022 2135 1076 2186 (p.
1108 2136 1175 2185 12)
1203 2136 1397 2187 exempla,
1425 2137 1509 2186 qui-

227 2200 300 2239 bus
320 2200 543 2239 ostenditur
569 2211 686 2249 saepe
713 2199 769 2239 sic
788 2200 917 2238 omitti
945 2202 1011 2247 est,
1038 2200 1269 2249 praesertim
1297 2199 1331 2238 si
1358 2200 1512 2249 quidem

229 2275 322 2314 pars
350 2266 411 2304 est
437 2263 640 2303 enuntiati.
694 2263 747 2303 Et
772 2261 889 2303 liceat
927 2262 1024 2302 mihi
1051 2262 1113 2302 hic
1141 2261 1362 2302 adscribere
1389 2263 1511 2303 simil-

229 2327 365 2366 limum
400 2327 529 2366 locum
564 2327 761 2376 Propertii
798 2326 829 2375 I,
857 2326 893 2375 3,
930 2327 980 2364 39
1029 2325 1150 2375 diyna
1187 2326 1341 2375 quidem
1374 2326 1511 2375 facies,

222 2403 301 2441 pro
327 2402 408 2441 qua
433 2389 494 2429 vel
520 2389 641 2430 obiret
663 2389 846 2429 Achilles.

334 2453 430 2501 Quis
468 2455 599 2493 autem
640 2452 792 2492 dubitet
835 2452 883 2491 de
920 2451 1034 2491 Poen.
1074 2463 1108 2491 v.
1146 2452 1194 2491 61
1245 2464 1377 2492 eoram
1413 2453 1515 2493 alter

229 2517 341 2566 vivit,
379 2516 480 2557 alter
516 2519 706 2556 emortuos
742 2515 809 2566 qui
846 2514 1021 2555 meminit
1055 2514 1197 2565 legisse
1224 2516 1330 2566 apud
1358 2514 1435 2557 Cic.
1464 2518 1515 2558 ad
