1776 2893
729 116 990 157 ..15-

207 221 298 261 bum
317 222 362 270 ¹).
404 221 509 261 Trin.
529 233 562 261 v.
582 221 660 266 563
692 221 798 271 Quid
823 222 885 261 hic
904 222 1057 262 locutus
1077 222 1230 263 tecum?
1266 221 1322 263 sic
1342 224 1503 265 tradunt

207 284 392 334 Palatini,
409 296 506 335 quos
522 287 680 325 secutus
694 284 941 325 Hermannus
957 286 1127 327 locubust
1139 286 1308 336 scripsit,
1322 286 1358 325 A
1372 290 1505 328 autem

209 348 329 387 habet
369 352 428 388 est
467 348 639 397 locutus,
675 359 752 397 quo
789 351 846 388 est
871 348 1027 388 acuitur
1054 349 1162 389 nulla
1189 360 1319 389 causa.
1377 349 1506 399 Atque

211 422 256 450 eo
296 411 421 461 magis
456 412 571 451 credo
605 410 773 461 reliquos
821 410 938 451 libros
975 411 1086 453 nobis
1125 423 1258 452 veram
1299 411 1504 452 lectionem

211 474 435 522 tradidisse,
463 474 568 523 quod
595 473 715 512 etiam
741 474 939 514 breviores
967 478 1085 524 atque
1112 474 1210 514 satis
1237 474 1507 514 memorabiles

209 536 401 577 formulae
423 536 695 576 inveniuntur:
726 536 832 576 Trin.
862 549 896 577 v,
915 536 991 578 567
1023 538 1130 587 Quid
1157 540 1282 577 tecum
1309 536 1508 578 Stasime?

213 611 264 640 sc.
306 600 459 640 locutus
500 613 540 639 es
577 599 639 638 vel
668 599 835 648 loquere.
890 602 1010 640 Andr.
1038 613 1073 640 v.
1101 602 1162 640 82.
1216 600 1399 651 Eyomet'
1419 613 1508 640 cou-

219 664 331 702 tiuuo
357 675 531 702 mecum:
559 664 660 701 certe
688 665 829 711 captus
856 666 915 702 est
940 675 991 704 sc.
1021 663 1171 704 locutus
1198 676 1293 703 sum.

324 726 503 777 Adiungo
534 737 635 766 nunc
662 736 727 765 eos
755 724 882 775 locos,
921 727 1062 775 quibus
1089 728 1194 777 apud
1221 730 1393 767 nanctus
1420 738 1507 776 per-

216 789 362 828 fectum
392 789 503 827 deest
530 788 693 827 verbum
723 787 1025 828 substantivum.

320 851 431 901 Oapt.
460 862 495 890 v.
528 849 603 890 154
642 849 859 891 Nullumne
896 852 1049 892 interea
1088 855 1280 901 nanctus,
1317 852 1385 902 qui
1414 864 1508 902 pos-

215 918 273 954 set
300 914 400 954 tibi?

218 977 411 1018 editores:
439 974 635 1025 nanctu's,
664 974 766 1017 sicut
793 974 911 1016 etiam

323 1040 421 1080 Hec.
449 1052 484 1079 v.
504 1039 581 1079 825
613 1040 718 1088 Quid
736 1041 999 1086 exanimatus,
1023 1039 1193 1087 obsecro,
1222 1040 1293 1079 es?
1321 1044 1393 1079 aut
1410 1053 1512 1079 auu-

220 1104 299 1144 lum
325 1104 445 1143 istum
472 1104 653 1141 nanctus.

323 1167 378 1206 sic
406 1166 461 1213 A;
489 1165 580 1204 rell:
609 1178 649 1203 es
677 1177 791 1203 eatan.
820 1187 870 1192 —
898 1187 949 1192 —
978 1169 1052 1204 aut
1076 1166 1192 1205 uude.

323 1229 483 1269 Initium
522 1238 658 1267 versus
698 1226 813 1277 quale
852 1239 876 1266 a
913 1227 1074 1277 reliquis
1111 1228 1285 1269 traditur
1316 1227 1410 1268 ferri
1438 1239 1511 1267 non

221 1297 369 1344 potest;
404 1292 444 1332 id
473 1290 750 1330 intellexerunt
775 1294 883 1330 recte
913 1291 1039 1330 Bentl.
1065 1294 1105 1330 et
1132 1291 1321 1339 Fleckeis,
1349 1291 1417 1330 sed
1444 1301 1514 1330 cur

223 1363 307 1397 tum
327 1367 402 1395 non
422 1354 547 1395 secuti
566 1356 656 1393 sunt
676 1353 711 1393 A
739 1352 942 1394 codicem?
995 1353 1112 1394 Falso
1131 1354 1232 1394 enim
1252 1352 1514 1404 scripserunt:

224 1421 321 1471 quid
348 1418 619 1464 eaeauimatu’s,
648 1417 823 1456 obsecro:
852 1416 957 1455 nulla
977 1428 1093 1456 causa
1113 1429 1182 1456 nos
1210 1416 1315 1467 cogit
1333 1417 1516 1456 recedere

223 1496 247 1523 a
276 1481 455 1522 Bembini
489 1479 738 1529 auctoritate,
767 1491 856 1519 nam
885 1490 1001 1529 quam
1031 1479 1095 1519 hic
1121 1479 1284 1530 praebet
1312 1478 1515 1520 collocatio

225 1546 433 1586 verborum
474 1544 625 1583 obsecro
667 1555 706 1581 es
744 1545 805 1581 est
844 1542 992 1581 usitata
1033 1554 1156 1592 neque
1198 1542 1380 1582 Terentio
1418 1540 1518 1590 eripi

225 1609 362 1649 debet:
402 1606 448 1647 cf.
476 1606 574 1646 Eun.
604 1616 639 1644 V.
669 1605 762 1645 756:
803 1604 913 1644 Num
937 1605 1239 1655 formidulosus,
1269 1605 1438 1653 obsecro,
1480 1617 1520 1644 es

225 1673 321 1713 mihi
357 1670 495 1711 homo?
548 1669 664 1709 Phor.
703 1680 736 1708 v.
773 1668 859 1708 742.
918 1669 1052 1718 Quid?
1105 1682 1201 1717 uon,
1248 1669 1420 1716 obsecro,
1467 1680 1519 1715 es,

231 1738 352 1786 Quem
379 1747 530 1784 semper
557 1736 593 1772 te
621 1746 703 1772 esse
731 1732 955 1772 dictitasti?
1002 1731 1048 1771 cf.
1074 1731 1202 1772 Plaut.
1221 1732 1320 1772 Rud.
1350 1744 1385 1771 v.
1417 1730 1520 1771 1304

226 1813 322 1839 uum
349 1799 534 1844 medicus,
562 1808 720 1846 quaero,
749 1796 821 1835 es?
859 1799 898 1834 et
926 1795 1039 1834 Truc.
1069 1806 1103 1833 v,
1133 1795 1209 1833 296
1245 1795 1342 1844 quid
1367 1794 1428 1841 id,
1458 1793 1520 1832 ob-

227 1874 347 1909 secro,
377 1863 443 1907 est,
475 1860 587 1910 Quod
613 1859 718 1898 scias
746 1869 780 1897 v.
809 1857 883 1898 941
916 1857 1013 1907 quid
1037 1856 1092 1904 id,
1130 1856 1277 1904 amabo,
1314 1858 1381 1903 est,
1419 1855 1523 1905 quod

230 1926 327 1973 dem,
357 1923 450 1963 dic?

338 1985 413 2028 Sed
443 1986 569 2026 altera
595 1996 688 2036 pars
715 1995 853 2024 versus
872 1983 967 2023 Hec.
998 1982 1087 2031 825,
1116 1985 1161 2021 ut
1187 1982 1226 2021 in
1246 1980 1433 2021 Bembino
1458 1992 1523 2022 ex-

233 2057 326 2101 stat,
355 2050 526 2091 numeris
563 2049 720 2099 quidem
749 2047 915 2096 suffieit,
954 2057 1028 2085 non
1058 2046 1152 2085 item
1182 2045 1414 2093 sententiae;
1453 2047 1527 2084 aut

234 2126 396 2165 prorsus
424 2123 759 2163 supervacaneum
789 2114 868 2158 est,
897 2109 931 2148 si
958 2119 1033 2148 non
1059 2108 1284 2157 molestum,
1311 2108 1379 2148 sed
1407 2107 1524 2156 unde,

234 2179 337 2229 quod
375 2177 566 2227 praebent
604 2174 745 2225 reliqui
782 2173 895 2221 libri,
937 2171 1215 2212 desideramus.
1271 2171 1374 2222 Quid
1403 2162 1526 2221 igitur

234 2240 518 2283 statuendum?
545 2239 586 2278 id
615 2238 718 2288 quod
747 2237 823 2276 iam
845 2234 1177 2285 Umpfenbachius
1205 2234 1391 2276 statuisse
1417 2232 1526 2273 vide-

325 2392 356 2426 1)
379 2389 462 2418 Ovid
485 2389 559 2417 Fast
580 2388 617 2416 V.
642 2388 703 2417 465
736 2388 763 2415 si
790 2396 843 2416 vos
874 2386 959 2415 modo
990 2395 1062 2415 vera
1093 2384 1184 2412 locuti
1217 2382 1368 2418 Uberaque
1388 2380 1529 2417 exponitis

236 2443 293 2475 illa
305 2442 411 2482 fhrina
433 2441 522 2470 dedit.
