1776 2893
728 230 780 236 -
810 208 858 247 -9
911 230 961 236 -

200 323 276 351 non
302 316 393 363 post
419 313 492 353 tu?
544 313 703 353 Minime
739 315 870 352 autem
907 313 1119 363 quidquam
1159 315 1387 353 mutandum
1426 315 1486 353 est

201 376 270 414 sed
296 377 617 426 acquiescendum
631 376 680 414 >in
707 376 866 414 traditis
894 376 1109 425 scripturis.

309 438 420 478 Adel.
449 451 483 477 v.
513 438 588 477 957
628 438 804 489 Spengel.
833 441 872 478 et
899 438 955 478 Fl.
993 438 1102 478 nulla
1138 450 1258 478 causa
1291 438 1484 488 probabili

202 503 445 552 scripserunt
470 502 708 551 yermauu’S,
736 513 826 541 nam
852 502 901 551 D,
928 514 1043 552 quem
1067 502 1241 541 'codicem
1269 501 1332 551 Sp.
1362 503 1489 552 sequi-

202 568 291 614 tur,
319 563 458 603 habet:
1469 570 1473 574 ’

307 626 428 666 Nune
466 629 509 666 tu
546 639 757 678 yermauus
786 629 945 678 pariter
981 629 1112 668 auimo
1140 631 1177 671 et
1204 640 1363 677 corpore

308 702 384 740 quo
402 689 501 729 nihil
529 692 590 729 est
619 691 786 740 rectius3
814 692 885 731 sed
903 690 1025 731 GEF:
1053 703 1160 730 nuuc
1180 694 1223 730 tu
1241 691 1337 730 mihi
1354 704 1393 730 es
1407 690 1491 730 BC:

203 766 310 794 nuuc
348 756 391 793 tu
418 765 457 792 es
483 753 589 800 mihi,
617 754 719 793 unde
737 753 942 803 Umpfenb.
971 754 1027 793 sic
1053 753 1198 793 format
1225 754 1379 792 initium
1406 765 1493 793 ver-

204 828 292 856 sus:
319 828 425 855 nunc
443 815 538 854 mihi
560 828 600 854 es
619 829 841 867 yermarcus,
860 818 965 867 quod
985 820 1091 856 recte
1115 828 1158 856 se
1174 816 1317 855 habere
1342 819 1492 865 potest:

204 880 261 919 Fl.
289 882 419 918 autem
435 877 535 916 falso
562 879 721 927 scripsit
740 891 848 918 nune
874 879 969 918 mihi
985 879 1218 930 yermauu’s‚
1245 890 1370 928 neque
1392 879 1494 918 enim

205 955 245 982 es
272 942 312 980 in
340 940 420 980 ullo
448 939 580 979 codice
619 946 711 991 post
737 941 836 981 illud
864 941 1094 981 vocabulum
1120 941 1317 980 invenitur
1343 943 1384 981 et
1411 953 1492 980 om-

205 1005 297 1045 nino
324 1003 513 1044 inusitata
550 1007 609 1043 est
643 1004 740 1045 haec
779 1004 1005 1045 collocatio:
1048 1005 1148 1044 Sane
1185 1004 1396 1054 lugendum
1425 1008 1496 1053 est,

206 1069 311 1119 quod
338 1078 515 1106 caremus
541 1067 719 1107 Bembini
746 1069 982 1117 testimonio,
1010 1080 1100 1107 nam
1122 1066 1280 1107 difficile
1308 1071 1367 1107 est
1395 1067 1496 1107 diiu-

207 1132 352 1179 dicatu‚
380 1132 513 1169 utrum
549 1131 584 1170 D
620 1132 912 1182 anteponendus
952 1132 1004 1171 sit
1045 1144 1094 1171 an
1121 1130 1234 1170 GEF.
1264 1131 1341 1170 -u’s
1378 1142 1492 1181 syna-

206 1194 370 1244 loephae
396 1193 461 1232 hic
489 1197 593 1232 certe
619 1195 768 1233 nullum
796 1197 926 1234 exstat
953 1195 1170 1243 vestigium.

313 1256 404 1295 Dec.
433 1254 527 1294 Lab.
558 1255 630 1306 frg.
660 1257 727 1297 28:
766 1269 873 1296 nuuc
901 1259 944 1296 tu
971 1256 1098 1296 lentus
1126 1268 1176 1303 es,
1204 1267 1311 1295 nuuc
1343 1258 1385 1295 tu
1411 1268 1498 1295 sus-

209 1334 282 1371 que
333 1320 455 1369 deque
491 1319 574 1368 fers
611 1320 797 1360 Fleckeis.
837 1320 1014 1370 scripsit:
1051 1336 1082 1356 c
1121 1321 1228 1358 nuuc
1265 1321 1308 1358 tu
1346 1318 1497 1366 leutu’s,

207 1395 324 1422 nuuc.
370 1381 508 1421 Nonne
534 1382 670 1421 eodem
697 1383 782 1423 iure
810 1383 989 1423 contendi
1016 1385 1160 1432 potest,
1190 1394 1229 1420 es
1256 1380 1357 1420 falso
1387 1381 1499 1420 addi—

208 1450 292 1486 tum
316 1456 401 1485 esse
428 1443 476 1483 ab
496 1456 553 1492 e0,
581 1446 648 1495 qui
667 1446 827 1496 ignarus
850 1449 955 1486 esset
976 1457 1072 1485 usus
1091 1445 1292 1492 sermonis,
1320 1444 1382 1484 vel
1411 1455 1499 1483 cum

210 1508 409 1558 Scaligero
436 1507 683 1547 scribendum
712 1521 817 1549 esse:
846 1522 953 1548 nuuc
981 1509 1109 1548 lentus
1137 1521 1176 1547 es
1205 1510 1248 1547 tu
1275 1507 1361 1547 vel:
1388 1519 1496 1546 nuuc

209 1574 282 1611 tu’s
310 1569 469 1610 lentus?
522 1569 630 1610 Nihil
658 1573 753 1611 certi
781 1573 830 1611 de
857 1572 929 1612 tali
965 1571 1185 1621 fragmento
1214 1569 1403 1609 affirmari
1430 1582 1499 1619 po-

209 1637 309 1683 test,
347 1636 393 1672 ut
432 1632 548 1671 etiam
586 1634 776 1673 incertum
804 1636 877 1683 sit,
913 1646 1006 1674 num
1033 1637 1139 1673 recte
1166 1632 1350 1672 Ribbeck.
1388 1633 1500 1671 addi-

210 1698 314 1738 derit
341 1709 379 1735 es
406 1693 541 1734 Afran.
569 1694 642 1745 frg.
672 1697 769 1736 215:
798 1711 836 1744 a,
866 1701 908 1736 tu
936 1697 1116 1746 eloquens
1142 1696 1258 1735 ilicet.

314 1760 444 1808 Atque
469 1761 561 1807 post
599 1760 652 1798 tu
687 1771 898 1809 pronomen
927 1760 1063 1800 deesse
1091 1770 1206 1810 posse
1234 1771 1282 1798 es
1309 1757 1504 1798 debebant

209 1835 289 1874 iam
326 1821 477 1872 pridem
514 1822 722 1861 concedere
749 1824 824 1862 viri
860 1824 964 1862 docti
991 1824 1059 1872 qui
1097 1835 1201 1861 sum
1236 1822 1345 1870 passi
1371 1824 1503 1860 essent

211 1891 303 1940 post
330 1896 415 1936 090
444 1894 655 1932 pronomen
683 1886 823 1934 omitti,
851 1886 960 1925 velut

315 1949 432 1989 Merc.
460 1959 494 1985 v.
526 1947 602 1986 919
642 1961 708 1999 090
734 1949 910 1997 stultior,
951 1949 1019 1999 qui
1044 1949 1112 1987 isti
1141 1948 1307 1987 credam.
1361 1947 1502 1996 Amph.

212 2029 247 2054 v.
276 2015 326 2053 56
354 2011 423 2051 sed
458 2021 524 2059 090
559 2010 738 2058 stultior,
779 2012 895 2060 quasi
932 2012 1105 2050 nesciam
1143 2023 1209 2049 vos
1244 2010 1348 2049 velle.
1402 2010 1502 2048 Men.

213 2091 248 2118 v.
276 2075 353 2116 433
394 2071 463 2112 sed
490 2084 555 2122 090
582 2073 768 2122 inscitus,
798 2075 866 2124 qui
899 2074 1105 2125 postulem.
1159 2073 1258 2113 Men.
1288 2086 1321 2112 v.
1351 2072 1428 2112 605
1455 2085 1505 2112 ue

214 2154 279 2193 090
308 2139 457 2179 ecastor
483 2135 625 2175 multer
651 2138 804 2177 misera.
858 2138 951 2177 Hec.
980 2150 1014 2176 v.
1043 2138 1122 2177 564
1148 2138 1218 2176 sed
1245 2149 1311 2187 090
1337 2136 1506 2183 stultior,

213 2204 308 2244 meis
335 2199 454 2240 dietis
479 2198 547 2247 qui
566 2211 713 2247 parere
740 2200 842 2240 haue
873 2201 1079 2251 postulem.
1134 2199 1244 2239 Caec.
1274 2199 1345 2249 frg.
1386 2199 1410 2238 9
1438 2198 1508 2238 sed

215 2280 282 2319 090
308 2262 497 2305 stolidus:
522 2262 766 2312 yratulatum
792 2265 880 2304 med
906 2264 1107 2315 oportebat
1126 2264 1256 2313 prius.

319 2329 451 2375 Atque
480 2324 596 2362 etiam
625 2328 730 2374 apud
759 2327 982 2367 Ciceronem
1010 2339 1096 2365 sum
1122 2326 1283 2365 verbum
1311 2326 1424 2364 deest
1452 2325 1503 2362 ad

214 2394 296 2432 Att.
318 2389 386 2437 IV,
416 2386 477 2433 15,
506 2386 531 2425 6
558 2388 627 2426 sed
644 2388 713 2428 hoe
734 2403 783 2429 ue
805 2391 960 2430 curaris
969 2403 983 2438 ,·
1011 2402 1077 2441 090
1095 2390 1265 2439 ineptus,
1295 2388 1363 2437 qui
1380 2388 1507 2437 scrip-

215 2456 356 2503 serim;
394 2454 425 2503 Ι,
455 2449 517 2498 17,
546 2451 570 2489 9
608 2465 673 2503 090
695 2454 885 2504 princeps
917 2454 962 2493 iu
990 2453 1236 2493 adiutoribus
1263 2454 1380 2501 atque
1408 2451 1506 2490 adeo

216 2518 430 2565 secundus,
468 2524 563 2552 nam
596 2513 765 2558 Crassus
800 2517 967 2567 impulit.
1021 2516 1160 2567 Itaque
1196 2515 1293 2554 falso
1330 2527 1370 2553 es
1396 2513 1507 2553 addi-
