1776 2893
795 149 1055 187 „40-

263 250 475 299 (apparuit
502 262 538 300 p.
568 252 620 291 24
647 259 687 291 et
706 252 808 293 infra
826 253 1076 293 ostendemus
1092 254 1346 295 accurratius.
1391 255 1572 295 Fortasse

286 312 363 352 huc
391 314 564 362 pertinet

283 379 285 381 '
389 375 523 416 Afran.
551 376 624 427 frg.
651 377 748 418 363:
777 380 862 418 eius
889 349 935 419 te.
957 381 1124 419 suscitat
1140 379 1304 431 Jmayo,
1346 380 1458 431 cuius
1483 380 1570 430 effi-

286 438 384 488 yies,
414 452 490 489 quo
514 443 660 491 ynatus
681 444 802 491 patre

393 502 506 543 R1bb.
534 503 746 542 inutiliter:
783 506 951 555 ynatu’s

395 564 511 604 Titin.
539 564 588 604 fr.
609 566 659 605 28
689 566 815 606 Terra
841 568 963 608 istaec
990 571 1056 616 est,
1084 581 1163 608 non
1182 582 1300 619 aqua,
1328 569 1395 609 ubi
1422 572 1466 609 tu
1483 569 1575 609 soli-

246 631 249 634 ’
289 630 351 666 tus
380 629 628 679 aryutariem·

394 693 586 738 quatenus
624 693 730 740 apud
758 693 897 732 solitus
936 693 1150 742 perfectum
1189 694 1392 733 omittatur
1418 693 1579 733 verbum

290 751 602 801 substantivum,
641 753 752 794 nobis
786 754 905 804 paulo
943 754 1045 795 infra
1081 756 1296 797 docendum
1324 759 1402 805 est3
1442 755 1506 795 hic
1533 766 1579 795 eo

288 815 417 853 minus
445 816 619 855 dubitari
647 817 775 866 debet,
802 818 906 866 quod
936 822 979 857 tu
1005 819 1214 858 antecedit.

402 877 512 932 Cure.
542 890 577 917 v.
609 879 683 917 102
720 879 787 919 ubi
814 883 857 919 tu
881 881 1093 930 profusus,
1131 881 1185 921 ibi
1220 895 1279 922 me
1312 881 1498 932 pervelim
1523 893 1581 920 se-

284 941 456 989 pultam,
486 953 609 990 neque
637 942 761 991 magis
789 942 1036 982 desideratur
1062 944 1223 984 verbum
1256 949 1297 984 et
1324 944 1358 984 si
1384 944 1460 983 alio
1488 943 1582 992 loeo,

294 1003 367 1041 hoc
395 1007 604 1043 excusatur
629 1005 789 1044 omissio
817 1002 948 1043 πάθει
976 1017 1073 1044 anus
1101 1006 1289 1046 ebriosae.

399 1066 481 1105 Mil.
509 1079 544 1105 v.
573 1067 651 1105 412
680 1068 785 1117 quod
825 1070 868 1106 tu
908 1068 1019 1107 hodie
1046 1068 1108 1108 hic
1135 1069 1361 1108 verberatus
1387 1071 1461 1107 aut
1485 1068 1589 1118 quod

290 1128 539 1169 verberabere

290 1191 384 1230 item
424 1195 573 1231 certum
610 1196 671 1232 est
699 1193 916 1243 exemplum
946 1197 986 1233 et
1013 1193 1107 1242 quid
1136 1194 1394 1234 dubitandum
1424 1194 1474 1233 de

396 1255 514 1294 Merc.
543 1267 579 1304 v,
610 1255 681 1294 751
716 1257 822 1305 Quid
848 1257 910 1294 ais
938 1256 1013 1294 tu?
1041 1257 1208 1295 etiamne
1235 1257 1330 1296 haec
1356 1256 1418 1295 illi
1446 1256 1515 1294 tibi

400 1316 613 1357 Iusserunt
637 1318 750 1368 ferri,
780 1332 875 1368 quos
901 1319 1006 1357 inter
1031 1319 1152 1358 iudex
1179 1319 1327 1358 datus?

395 1385 464 1418 aut
501 1381 550 1419 de
586 1380 726 1429 Amph.
767 1392 800 1419 ν.
841 1382 917 1421 779
957 1381 1019 1419 Tu
1054 1383 1122 1431 qui
1150 1404 1201 1409 —-
1228 1382 1420 1431 infitiare,
1457 1381 1585 1420 Estne

290 1442 385 1480 haec
406 1445 565 1491 patera,
596 1456 675 1492 qua
702 1443 874 1482 donatus
900 1443 992 1483 illi?

399 1504 466 1544 ubi
495 1508 537 1544 tu
560 1507 785 1555 pronomine
813 1506 1038 1555 praemisso,
1065 1517 1165 1554 quae
1192 1517 1359 1554 persona
1385 1506 1450 1553 sit,
1477 1504 1584 1547 lucu-

289 1566 436 1606 lentum
465 1571 538 1606 est.

398 1630 510 1670 Nunc
530 1635 746 1681 sequantur
772 1631 799 1670 ii
820 1643 967 1677 versus,
995 1631 1135 1680 quibus
1166 1631 1385 1670 continetur
1404 1631 1583 1670 enuntia-

293 1697 378 1731 tum
428 1705 451 1731 a
492 1694 759 1733 coniunctione
808 1693 1007 1742 incipiens.
1077 1693 1206 1741 Atque
1246 1696 1334 1741 post
1375 1696 1586 1743 postquam

292 1756 424 1795 omitti
448 1756 607 1796 verbum
629 1757 919 1797 substantivum
941 1755 1050 1795 nobis
1069 1755 1300 1794 ostendunt:
1331 1755 1440 1796 Cure.
1457 1768 1490 1794 v.
1510 1756 1589 1796 354

292 1818 510 1867 Postquam
549 1821 678 1858 cenati
704 1822 823 1869 atque
860 1819 1014 1868 adpoti,
1059 1818 1157 1856 talos
1194 1818 1321 1866 poscit
1353 1819 1398 1857 in
1434 1831 1588 1866 manus,

295 1881 358 1919 ubi
397 1895 533 1921 sumus
569 1881 784 1928 omittitur3
824 1881 964 1931 Amph.
1002 1893 1037 1919 v.
1068 1881 1167 1920 1127
1200 1884 1413 1931 postquam
1446 1894 1589 1931 pueros

296 1946 514 1993 conspicati
534 1949 711 1995 perqunt
737 1946 792 1983 ad
811 1958 935 1984 cunas
964 1945 1032 1982 citi
1049 1945 1107 1991 ¹);
1136 1955 1171 1981 v.
1190 1943 1264 1981 481
1296 1943 1410 1982 Alter
1429 1944 1589 1983 decumo

288 2010 381 2056 post
417 2020 547 2046 mense
573 2011 760 2047 nascetur
785 2021 887 2057 puer
917 2008 1044 2056 Quam
1070 2006 1303 2054 seminatus,
1332 2007 1433 2046 alter
1459 2019 1589 2046 mense

297 2073 484 2120 septumo,
512 2082 590 2121 qua
618 2070 654 2109 in
685 2071 881 2120 scriptura
909 2070 1000 2109 libri
1029 2068 1296 2117 consentiunt3
1326 2081 1449 2120 neque
1476 2069 1589 2110 dubi-

295 2133 455 2171 tandum
486 2138 545 2172 est
574 2134 623 2172 de
652 2134 759 2172 Asin.
791 2145 824 2172 v,
854 2133 931 2172 350
962 2133 1157 2181 Quoniam
1183 2132 1249 2171 ille
1277 2133 1450 2172 elocutus
1476 2133 1590 2172 haec-

295 2196 352 2234 sic
379 2208 405 2234 z:
438 2197 543 2245 Quid
570 2199 672 2243 tum,
714 2196 779 2235 ubi
819 2207 891 2234 non
930 2206 1027 2245 opus
1060 2198 1121 2233 est
1148 2206 1234 2233 cum
1271 2194 1451 2245 Ussingio
1490 2195 1585 2235 scri-

296 2259 387 2297 bere
415 2259 510 2298 haec
539 2263 596 2298 est
623 2271 746 2308 neque
775 2270 860 2298 cum
891 2258 1140 2297 Fleckeiseno
1168 2258 1378 2306 elocutust,
1413 2269 1589 2307 praeser-

392 2406 419 2447 l)
437 2408 527 2444 Verg.
544 2409 619 2436 Aen.
636 2409 690 2443 XI,
708 2410 769 2437 248
779 2413 938 2444 postquam
954 2408 1125 2443 introyressi
1138 2412 1165 2435 et
1179 2417 1278 2434 coram
1293 2407 1367 2434 data
1388 2406 1474 2441 copia
1483 2405 1590 2441 fandi,

306 2461 433 2487 Munera
449 2461 671 2497 praeferimus,-
694 2461 730 2496 V,
756 2461 815 2490 362
833 2464 904 2496 post
924 2459 976 2487 ubi
996 2460 1120 2496 conficti
1139 2468 1242 2488 cursus
1263 2463 1290 2487 et
1311 2459 1391 2488 dona
1404 2458 1527 2494 per-evit.
