1776 2893
800 172 1062 211 -38-

391 273 496 312 Men.
526 285 559 312 v,
590 274 690 313 1086
718 275 835 315 Mira
860 288 1074 316 memoras:
1100 277 1255 316 utinam
1281 277 1448 328 efficere,
1475 279 1580 329 quod

278 336 495 384 pollicitus,
517 339 681 386 possies,

395 398 462 438 ubi
489 410 590 448 quae
607 411 771 449 persona
799 401 863 450 sit,
892 414 938 440 ex
960 403 1113 451 possies
1139 401 1237 441 satis
1263 405 1441 452 apparet,
1470 406 1510 442 et
1528 404 1577 444 cf.

391 462 495 502 Men.
523 475 558 502 v.
587 463 665 504 309
690 463 905 504 Nummum
930 465 1044 505 illum
1071 478 1182 516 quem
1207 465 1303 505 mihi
1320 466 1469 506 dudum
1493 467 1578 516 pol-

289 525 423 564 licitus
450 526 559 573 dare,
587 548 633 553 -—
664 549 714 554 —-

391 587 547 637 Iubeas,
576 590 611 628 si
637 590 787 640 sapias,
809 590 1020 640 porculum
1047 591 1202 642 adferri
1230 590 1299 631 tibi

396 656 516 700 atque
544 652 662 691 Haut.
691 666 725 691 v.
754 654 831 692 823
859 675 910 680 —
937 655 1019 692 iam
1060 657 1263 705 quentum
1299 654 1355 693 ad
1393 667 1478 693 eam
1513 655 1579 694 de-

288 714 404 763 feres,
435 714 548 764 Quod
574 717 611 754 ci
630 715 859 766 pollicitus:

391 777 447 815 sic
467 778 590 817 tradit
608 779 643 817 A
663 779 897 826 rectissime;
927 778 1064 828 reliqui
1085 782 1216 818 autem
1236 780 1343 819 libri:
1373 781 1409 818 ei
1427 793 1467 818 es
1487 780 1578 829 pol-

287 840 429 888 licitus,
458 851 555 891 quos
583 841 710 880 Bentl.
739 841 931 892 sequitur;
974 842 1044 880 sed
1072 841 1261 882 Fleckeis.
1287 846 1326 881 et
1352 841 1577 891 Umpfenb.:

286 904 322 942 ei
342 904 571 953 pollicitu’s,
599 915 676 954 qua
705 905 862 944 tandem
882 905 1064 944 ratione?
1091 905 1190 944 Nam
1219 905 1259 945 hi
1287 908 1357 945 aut
1383 909 1427 945 ut
1452 905 1579 946 Bentl.

286 967 482 1006 debebant
501 968 681 1015 scribere,
710 972 781 1007 aut
808 968 840 1007 si
860 968 1088 1008 Bembinum
1117 969 1227 1018 sequi
1245 968 1437 1016 volebant,
1464 969 1579 1008 omit-

287 1036 370 1069 tere
399 1030 509 1070 illum
546 1030 753 1078 circulum,
792 1032 902 1071 cuius
940 1032 1027 1070 ideo
1067 1031 1215 1071 nullum
1254 1032 1461 1081 vestigium
1502 1037 1575 1081 est,

284 1093 390 1142 quod
427 1106 466 1132 es
494 1105 566 1132 non
596 1094 773 1142 sequitur
800 1093 1017 1143 perfectum
1038 1094 1253 1143 pollicitus.
1298 1094 1373 1133 Hic
1400 1095 1577 1134 videmus

285 1155 423 1204 lucide,
453 1168 571 1206 quam
599 1156 680 1195 sine
708 1157 794 1196 iure
819 1157 886 1196 ille
902 1156 1070 1197 circulus
1089 1157 1279 1205 adreptus
1297 1157 1350 1197 sit
1377 1160 1422 1196 ut
1449 1169 1573 1197 reme-

285 1218 390 1257 dium
421 1230 540 1257 unum
569 1222 687 1268 atque
716 1219 957 1267 primarium.
1011 1219 1111 1257 Nam
1141 1220 1175 1258 si
1211 1233 1251 1259 es
1279 1220 1414 1258 deesse
1443 1220 1576 1268 nequi-

286 1285 358 1329 ret,
388 1282 550 1322 deberet
568 1281 610 1321 id
628 1282 719 1331 poni
746 1285 833 1331 post
862 1282 898 1320 ei
925 1293 1010 1321 eum
1031 1281 1192 1330 reliquis
1220 1282 1341 1331 libris,
1369 1282 1460 1331 quia
1478 1282 1575 1322 haec

284 1345 391 1393 apud
418 1344 643 1385 Terentium
672 1344 801 1384 inveni
830 1344 1030 1394 exempla:
1060 1344 1153 1384 Hec.
1182 1356 1217 1384 v,
1249 1345 1324 1384 786
1352 1346 1456 1395 quod
1480 1345 1576 1385 mihi

288 1422 328 1448 cs
348 1409 533 1459 pollicita
561 1411 642 1449 tute
668 1412 714 1449 ut
748 1421 875 1449 serves
911 1407 1030 1447 Haut.
1058 1421 1093 1449 v.
1121 1408 1198 1449 329
1240 1408 1340 1448 Tum
1377 1410 1481 1459 quod
1519 1409 1581 1449 illi

286 1476 492 1523 amentum
511 1486 550 1512 es
576 1473 776 1522 pollicitus
795 1472 929 1510 eadem
955 1472 1030 1510 hac
1048 1473 1248 1511 inveniam
1275 1473 1353 1519 via,
1380 1475 1499 1522 atque
1518 1472 1581 1511 hic

289 1535 444 1583 quidem
484 1546 638 1575 necesse
674 1538 761 1574 erat
800 1547 839 1573 es
868 1538 1090 1583 poneretur,
1127 1535 1220 1584 quia
1248 1546 1292 1574 eo
1320 1535 1463 1574 omisso
1491 1546 1581 1574 con-

286 1597 395 1647 iungi
434 1598 604 1638 debebat
639 1597 891 1647 participium
928 1608 1013 1635 cum
1051 1597 1206 1636 invenio
1244 1597 1380 1646 verbo,
1420 1600 1461 1636 et
1495 1611 1580 1637 sum

288 1660 448 1699 verbum
475 1661 663 1710 suppleri.
719 1660 759 1699 Si
787 1659 909 1709 igitur
936 1659 1090 1698 omnino
1118 1672 1158 1699 es
1182 1659 1341 1699 verbum
1371 1660 1438 1699 illo
1457 1660 1578 1700 Haut.

287 1734 401 1762 versu
431 1723 508 1763 823
536 1724 627 1773 poni
661 1724 833 1769 deberet,
862 1734 935 1761 non
964 1721 1093 1762 facere
1126 1734 1339 1772 possemus,
1367 1723 1459 1771 quin
1487 1724 1578 1763 reli-

287 1797 383 1837 quos
421 1786 541 1826 libros
568 1798 818 1837 sequeremur
858 1791 898 1825 et
939 1790 1203 1827 statueremus
1231 1785 1269 1825 in
1297 1786 1333 1825 A
1360 1799 1400 1826 es
1427 1790 1517 1836 post
1544 1788 1580 1827 ei

286 1850 488 1889 excidisse.

394 1913 525 1961 Vides,
554 1925 670 1963 quam
699 1912 796 1952 falso
815 1913 889 1952 viri
919 1913 1025 1952 docti
1054 1912 1128 1951 sibi
1155 1913 1422 1961 persuaserint
1449 1913 1512 1953 hic
1539 1918 1580 1953 et

289 1975 377 2015 aliis
414 1976 509 2016 locis
537 1980 627 2025 post
662 1988 728 2015 -us
768 1975 1080 2015 terminationem
1116 1975 1304 2015 excidisse
1332 1988 1381 2015 es.
1420 1976 1581 2016 Minime

288 2044 418 2077 autem
448 2039 624 2088 cogimur
651 2039 701 2077 de
719 2038 898 2077 Bembini
926 2037 1002 2076 fide
1031 2037 1231 2076 dubitare:
1262 2049 1350 2076 nam
1377 2039 1579 2087 praemisi-

289 2113 373 2141 mus
420 2101 497 2141 alia
536 2102 713 2151 exempla
755 2101 888 2140 omissi
936 2113 975 2139 es
1011 2101 1120 2141 verbi
1170 2101 1370 2140 simillima
1422 2106 1463 2141 et
1500 2102 1575 2141 iam

290 2165 456 2202 alterum
496 2164 702 2203 habuimus
743 2163 961 2212 exemplum
990 2163 1043 2211 (p.
1081 2163 1162 2213 24),
1204 2163 1359 2201 Phorm.
1398 2163 1478 2202 550
1512 2164 1579 2203 ubi

289 2226 428 2275 reliqui
471 2226 560 2265 libri
601 2227 763 2265 tradunt
792 2225 983 2276 quidnam
1010 2238 1049 2264 es
1083 2226 1289 2276 facturus,
1326 2226 1362 2264 A
1390 2226 1580 2276 quidnam

287 2290 481 2337 facturus.
536 2289 596 2327 Ibi
625 2300 777 2337 quoque
804 2288 872 2327 illa
891 2288 1094 2326 verborum
1125 2288 1326 2327 collocatio
1354 2293 1415 2327 est
1441 2289 1578 2328 rectis-

289 2351 399 2401 sima,
429 2352 497 2390 sed
517 2351 636 2390 etiam
665 2351 717 2390 ibi
738 2350 914 2390 Bembini
943 2350 1145 2390 lectionem
1165 2351 1396 2391 retinuimus
1423 2356 1467 2390 ut
1487 2362 1578 2391 vere

289 2415 575 2454 Terentianam.
639 2415 690 2453 Et
728 2415 919 2453 accedunt
957 2415 1147 2453 secundae
1186 2425 1374 2463 personae
1414 2415 1578 2453 omissae

287 2476 383 2516 haec
411 2476 607 2527 exempla:
