1776 2893
716 148 975 187 ..13-

207 251 244 302 5,
273 252 297 292 2
324 254 425 295 alter
460 254 666 306 reliqiosus
703 253 820 292 etiam
855 263 963 290 nunc
1002 251 1104 299 dies,
1142 251 1243 290 aller
1276 252 1321 291 in
1357 252 1491 303 volyus

205 316 383 368 iynolus;
424 318 517 367 XII,
558 316 607 357 10
644 314 921 355 consolationis
961 316 1090 353 autem
1129 313 1274 355 multae
1310 316 1396 354 viae
1423 315 1492 354 sed

208 380 279 420 illa
297 381 536 428 rectissimam
564 379 614 418 ad
633 377 712 417 fam
731 375 838 425 VIII,
869 377 929 426 11,
948 377 972 416 3
999 388 1146 416 scaena
1163 377 1222 416 rei
1241 378 1356 417 totius
1374 378 1490 427 haee‚·

209 445 259 484 ad
288 432 371 484 Attss
399 444 466 490 IX,
494 444 530 489 9,
568 443 592 481 2
619 442 795 491 ineptum
820 441 865 480 iol
892 440 1064 491 quidem,
1104 440 1173 479 sed
1191 443 1314 489 pum,
1342 441 1410 480 hoc
1436 443 1489 481 si-

209 507 357 555 mulat,·
384 506 486 553 XIV,
517 506 578 553 17,
606 505 630 543 3
658 504 727 543 sed
743 504 813 543 hoe
834 502 1031 543 tolerabile
1055 503 1236 552 fortasse,
1265 503 1366 542 illud
1382 517 1492 552 vero,·

209 569 274 616 IV,
312 569 347 617 6,
385 569 409 607 3
447 568 549 607 illud
574 580 653 606 non
691 566 787 606 utile
813 566 945 614 ποθέω
984 564 1087 614 XIV,
1118 564 1201 614 13¹³,
1229 566 1254 606 5
1289 566 1392 606 illud
1429 579 1493 606 ex-

211 635 394 679 tremum,·
430 631 497 677 IV,
526 630 584 679 8¹³,
625 631 670 679 23
708 629 794 676 XII,
830 629 894 678 29,
922 629 958 678 2,
995 628 1226 678 quibuscum
1254 628 1494 669 conferamus

210 694 260 732 ad
279 693 370 733 fam.
389 693 456 742 IX,
487 694 547 741 18,
574 694 599 733 3
628 705 716 745 erqo
742 692 811 732 hoc
831 692 1029 742 primum:
1056 692 1232 741 sequitur
1257 691 1385 731 illud:
1411 693 1496 742 ipse

210 757 359 808 melior,
370 758 424 807 fio
450 779 501 785 —
530 756 671 796 deinde
698 778 748 783 —
776 758 988 794 extremum
1005 755 1108 794 illud
1124 758 1191 802 est,
1218 767 1265 795 ex
1292 766 1366 804 quo
1386 755 1495 794 vide-

211 830 297 859 mus
337 823 546 869 utrumque
581 822 718 869 aptum
755 817 875 858 fuisse
910 821 950 856 et
990 817 1169 857 omittere
1203 817 1365 857 verbum
1405 818 1494 857 sub-

211 883 427 922 stantivum
457 887 496 923 et
523 894 677 933 ponere.

316 946 374 986 De
401 945 544 996 plurali
571 948 666 986 sunt
690 945 832 985 omisso
859 944 897 984 in
927 944 1073 984 talibus
1092 943 1278 994 exemplis
1306 944 1382 984 alio
1411 944 1494 985 loco

211 1009 479 1050 disserendum
507 1009 592 1049 erit.

318 1073 387 1112 De
423 1072 649 1113 omnibus
677 1072 846 1122 igitur
871 1072 938 1111 iis
966 1070 1117 1119 locis,
1146 1070 1334 1120 quibus
1363 1072 1494 1120 apud

212 1134 449 1176 Plautum
477 1138 526 1176 et
554 1134 749 1175 omnino
776 1134 822 1174 in
852 1145 1072 1174 sermone
1100 1132 1348 1173 familiari
1379 1145 1495 1184 pro-

213 1198 504 1237 nominibus
539 1210 624 1249 e90
663 1201 715 1237 tu
753 1197 832 1237 hie
858 1199 904 1236 is
938 1197 1495 1237 ille-antecedentibus

214 1260 483 1299 omittitur
508 1260 713 1300 verbum
741 1259 1145 1307 substantivum,
1172 1259 1380 1299 minime
1408 1260 1493 1299 du-

214 1323 483 1363 bitandum
523 1327 609 1363 est.
665 1323 761 1363 Sed
788 1323 829 1362 si
867 1324 958 1363 duo
995 1334 1244 1373 personae
1272 1323 1319 1361 in
1348 1334 1496 1363 scena

213 1386 353 1426 inter
400 1397 449 1426 se
490 1386 867 1436 colloquuntur,
918 1386 959 1425 si
1002 1386 1137 1425 alter
1183 1385 1243 1425 ad
1280 1385 1495 1425 alterum

215 1460 493 1489 conversus
520 1449 829 1499 interrogat,
868 1452 968 1489 tum
996 1449 1149 1489 etiam
1177 1448 1283 1488 sine
1311 1461 1497 1498 prono-

215 1512 347 1551 mine
375 1523 510 1552 nemo
538 1512 727 1561 nescit,
753 1523 876 1562 quae
903 1523 1114 1561 persona
1139 1511 1206 1550 sit
1232 1511 1496 1561 appellata.

214 1574 400 1624 Incipiam
429 1587 454 1613 a

319 1637 429 1678 Cure.
457 1650 492 1678 v.
519 1638 598 1678 414
626 1637 837 1678 Summano
862 1637 992 1677 salve:
1027 1637 1096 1687 qui
1121 1636 1389 1677 Summanus?
1429 1638 1499 1688 fae

215 1701 360 1750 seiam,·
398 1713 467 1741 nos
505 1713 677 1752 quosque
704 1701 1052 1751 interrogaremus:
1088 1702 1204 1741 wieso
1231 1699 1500 1741 Summanus?

216 1768 335 1813 atque
373 1764 460 1814 quis
488 1764 750 1813 dubitaverit,
792 1764 884 1813 quin
912 1768 1019 1804 recte
1047 1764 1229 1803 omissum
1258 1763 1310 1803 sit
1339 1777 1397 1812 es,
1432 1764 1500 1814 qui

216 1828 400 1867 memoria
437 1831 570 1867 teneat
603 1827 758 1867 Horatii
795 1827 919 1867 locum
957 1827 1209 1875 simillimum,
1273 1827 1353 1866 Sat.
1392 1828 1424 1877 I,
1462 1828 1499 1875 3,

217 1890 295 1929 310
327 1888 497 1939 Corpore
523 1890 708 1929 maiorem
733 1891 839 1929 rides
869 1888 1062 1929 Turbonis
1087 1891 1132 1929 in
1160 1891 1281 1929 armis
1307 1889 1501 1940 Spiritum

218 1956 254 1992 el
279 1954 497 1993 incessum:
535 1953 603 2003 qui
637 1952 832 1992 ridiculus
868 1952 999 1992 minus
1039 1952 1138 1992 illo?
1176 1956 1216 1992 et
1252 1952 1327 1993 hic⁷
1343 1953 1500 2003 quidem

219 2027 330 2056 nemo
367 2016 537 2056 scribere
574 2016 692 2055 audet
728 2015 934 2055 ridi-eulu’s
972 2019 1091 2066 atque
1138 2015 1278 2055 tertiae
1313 2027 1502 2065 personae

217 2090 376 2132 prorsus
422 2079 547 2118 simile
599 2082 727 2118 exstat
773 2078 1010 2128 exemplum:
1057 2079 1158 2117 Men.
1196 2090 1230 2117 v.
1272 2079 1346 2117 877
1398 2079 1503 2128 Quid

218 2155 298 2181 esse
322 2142 384 2181 illi
409 2142 530 2181 morbi
557 2141 748 2180 dixeras?
773 2154 901 2180 narra
927 2155 1055 2181 senex.
1093 2140 1201 2180 Num
1221 2141 1403 2180 laruatus
1431 2144 1504 2181 aut

220 2206 414 2245 cerritus?
464 2206 534 2255 fae
561 2205 692 2243 seiam.
746 2204 881 2254 Neque
921 2205 1046 2254 magis
1075 2205 1192 2244 debet
1220 2217 1259 2243 es
1286 2204 1499 2243 desiderari

219 2269 259 2309 in
287 2268 349 2309 his
377 2267 569 2309 similibus
597 2266 800 2317 exemplis:

321 2332 436 2372 Poen.
466 2344 501 2372 v.
529 2332 606 2386 246
636 2331 742 2381 Quid
767 2331 979 2371 molestus?

324 2395 443 2435 Baoh.
472 2407 507 2434 v.
536 2396 613 2435 885
651 2394 747 2445 qaid
780 2394 842 2434 illi
866 2393 1077 2434 molestus?
1121 2394 1218 2445 quid
1242 2394 1354 2433 illum
1380 2396 1501 2435 morte

222 2457 412 2498 territas?
