1776 2893
728 203 987 243 ...23-

323 308 451 356 Quam
470 307 637 347 maxime
655 309 788 346 autem
807 306 937 347 idonei
956 310 1060 357 sunt,
1087 307 1156 356 qui
1173 307 1275 348 inter
1301 320 1343 349 se
1361 310 1506 350 acriter

217 368 450 410 defendant:

324 432 436 474 Cure.
456 443 492 472 V.
523 431 573 472 75
606 430 721 480 Cedo,
743 444 881 481 paere,
906 432 1038 472 samm
1056 444 1086 472 :z
1108 433 1215 482 Quid
1238 434 1453 483 facturus?
1473 447 1503 474 ::

214 494 307 535 Iam
331 495 441 535 scies.

318 556 434 596 Poen.
462 567 497 595 v,
527 555 630 596 1675
664 555 775 596 Sabis
800 560 896 596 sunt
921 558 1084 597 trecenti
1101 569 1131 596 z:
1164 557 1271 606 Quid
1294 558 1346 597 iis
1370 559 1501 607 facta-

212 631 284 658 rus
302 630 334 657 t:
365 617 505 675 Tace„
1184 647 1187 649 -

319 703 370 708 -
397 693 433 719 v.
464 675 537 720 167
575 680 692 721 Dabo
728 682 841 721 hodie
876 682 974 721 dous
1004 694 1033 720 ::
1066 682 1144 731 Qui
1170 682 1215 721 id
1241 682 1455 732 facturus?
1475 694 1505 721 ::

212 743 305 782 Iam
330 744 440 784 scies.

318 805 371 856 (si
388 806 446 846 sic
463 809 570 846 recte
589 806 748 856 scripsit
761 805 948 856 Geppert.
973 809 1110 847 contra
1127 806 1317 846 librorum
1335 807 1505 856 seriptu-

212 879 297 908 ram
334 869 457 919 quid).

317 931 404 971 Hae
430 943 583 981 quoque
602 935 694 972 sunt
721 934 852 972 certae
878 931 1148 982 interrogandi
1174 931 1376 981 formulae,
1404 944 1505 982 quae

211 994 291 1033 iam
318 993 422 1033 inter
448 1005 489 1033 se
517 993 750 1042 defendunt;
786 995 972 1044 facturus
1008 997 1139 1034 autem
1166 994 1327 1034 verbum
1354 994 1439 1034 sine
1465 1007 1506 1034 es

211 1056 291 1096 dici
317 1067 432 1105 posse
458 1055 616 1095 minime
642 1056 843 1103 miramur,
870 1056 962 1106 quia
989 1057 1110 1096 etiam
1138 1056 1240 1097 tales
1258 1068 1395 1096 versus
1422 1060 1504 1095 tra—

211 1118 380 1157 duntur:
421 1117 510 1157 Aul.
538 1130 573 1157 v.
601 1117 680 1157 354
712 1117 885 1166 Gererin,
913 1117 1089 1166 Strobile,
1125 1119 1198 1158 has
1221 1119 1375 1169 facbwn'
1399 1131 1502 1168 nup-

212 1180 322 1220 tias?
360 1180 428 1220 ubi
457 1181 549 1220 estis
575 1180 791 1228 omittitur3
818 1180 959 1220 deinde
986 1181 1203 1221 invenimus
1230 1180 1351 1220 Stich.
1381 1193 1417 1220 v.
1451 1181 1502 1220 73

210 1255 336 1293 neque
363 1243 555 1292 equidem.
573 1243 618 1281 id
650 1243 815 1292 factura
842 1255 966 1293 neque
994 1246 1038 1283 ba
1064 1246 1109 1283 ut
1133 1243 1266 1293 facias
1295 1243 1503 1282 consilium

212 1305 322 1352 dabo,
350 1316 451 1359 quae
478 1304 603 1343 lectio
613 1305 862 1344 Ambrosiani
888 1305 991 1345 infra
1016 1304 1268 1345 defendetur:
1296 1305 1399 1344 sicut
1425 1305 1502 1354 hic,

211 1367 321 1406 deest
356 1379 443 1406 swm
482 1366 602 1406 etiam
631 1366 732 1407 Men.
759 1377 795 1405 v.
823 1367 898 1406 119
925 1380 1034 1407 nanc
1061 1368 1180 1416 adeo,
1216 1371 1262 1407 ut
1298 1368 1496 1417 fantinus,

208 1430 363 1478 dicam
388 1433 508 1479 atque
527 1430 626 1469 adeo
645 1432 705 1469 est
729 1433 835 1469 recte
854 1430 1052 1469 omittitur
1069 1430 1110 1469 in
1128 1430 1317 1469 Bembino
1344 1429 1501 1469 Phorm.

208 1504 244 1530 v.
272 1492 349 1531 833
379 1492 485 1541 Quid
510 1504 606 1531 nam
632 1504 741 1531 nunc
765 1492 951 1541 factm-us
976 1492 1213 1532 Phaedria?

209 1554 263 1593 Et
289 1568 329 1594 es
354 1554 465 1594 verbi
492 1554 626 1594 omissi
652 1555 844 1595 accedunt
871 1554 969 1595 haec
996 1554 1196 1604 exempla:

314 1617 455 1657 Pseud.
492 1629 528 1656 v.
555 1618 634 1658 394
676 1617 893 1668 Postquam
927 1617 994 1657 ille
1029 1618 1120 1657 hinc
1156 1617 1270 1665 abiit,
1312 1620 1356 1657 tu
1394 1620 1505 1657 astas

208 1680 325 1728 solus,
353 1679 563 1728 Pseudule,

318 1743 425 1793 Quid
440 1755 548 1782 nanc
566 1745 741 1790 acbwrus,
764 1746 976 1793 postquam
994 1742 1083 1781 erili
1107 1742 1191 1792 filio
1209 1742 1401 1793 Laryibus
1419 1742 1502 1780 -ἓ

314 1805 419 1845 Trin-
447 1816 482 1844 v.
513 1805 587 1845 198
624 1805 734 1845 Num
771 1806 869 1856 qaid
888 1806 1127 1856 priusquam
1154 1804 1267 1853 abeo,
1303 1817 1363 1844 me
1388 1817 1503 1855 roya-

211 1869 354 1908 twrus?
381 1881 411 1908 2:
449 1869 545 1909 Vale
756 1921 758 1923 ι

316 1930 399 1970 Mil.
426 1943 462 1970 v.
490 1931 567 1970 696
595 1931 722 1982 qaid?
760 1931 912 1970 nutrici
946 1943 1027 1970 mm
1053 1930 1247 1969 misswrus
1282 1930 1504 1980 quicquam,

211 2007 312 2044 quae
337 2006 481 2033 vernas
506 1994 608 2033 abit?

317 2055 440 2096 Stich.
480 2067 516 2095 v.
542 2056 622 2096 264
667 2056 764 2106 quid
795 2054 933 2095 nanc?
977 2055 1109 2094 itwrus
1142 2068 1201 2094 an
1234 2054 1346 2094 non?
1370 2067 1399 2093 :z
1426 2054 1506 2094 Abi

210 2132 308 2159 sane
334 2113 500 2159 domam.
536 2130 539 2133 ·

317 2181 427 2228 Quae
454 2181 632 2231 exempla
668 2181 720 2220 ad
748 2191 866 2220 unum
893 2179 1024 2219 omnia
1050 2182 1206 2219 mutare
1233 2179 1340 2219 illius
1366 2178 1503 2219 circuli

212 2244 433 2285 adiectione
459 2243 690 2285 facillimum
717 2243 875 2295 quidem
901 2245 975 2290 est,
1011 2243 1082 2282 sed
1108 2242 1213 2283 idem
1239 2241 1501 2283 falsissimum.

202 2308 266 2347 -Et
292 2307 475 2349 addendi·
490 2311 583 2348 sunt
616 2307 659 2346 hi
687 2306 858 2346 Terentii
885 2316 1042 2345 versus:

317 2370 414 2411 Eun.
442 2383 477 2411 v.
497 2371 574 2411 696
602 2370 737 2411 taces?
763 2369 1176 2420 Monstrmn4hominis
1194 2382 1276 2410 non
1293 2367 1503 2409 dictamus?

222 2433 339 2474 Venit
363 2456 414 2462 --

319 2496 376 2538 sic
403 2496 524 2538 habet
550 2497 585 2536 A
613 2507 701 2537 cum
739 2494 843 2544 rell.;
881 2494 969 2546 quis
1003 2494 1127 2545 igitur
1162 2495 1280 2535 etiam
1309 2492 1501 2534 mutabit:
