1776 2893
784 159 1045 199 ...52-

267 265 400 315 posuit
427 265 632 317 eyreyium,
660 265 740 304 LG.
761 265 948 305 audacius
977 265 1217 314 scripserunt
1243 267 1338 304 rata
1358 277 1446 304 swm
1460 277 1560 315 pro-

272 327 371 376 bum,
401 327 542 368 Luchs.
571 327 739 368 antehac
766 327 941 368 inseruit.
969 326 1071 367 Utut
1098 329 1160 367 est
1190 337 1327 367 versus
1351 329 1562 377 sanandus,

271 390 407 440 utique
434 403 520 430 sum
544 401 742 439 nunquam
769 390 845 430 fuit
871 390 944 429 hoc
971 389 1066 438 loco,
1094 401 1182 429 nam
1206 389 1398 439 quomodo
1426 390 1468 429 id
1496 402 1561 429 ex-

270 452 426 502 pulsum
454 452 683 493 censemus?

375 515 486 555 Sicut
513 516 620 564 apud
648 515 857 556 Horatium
885 516 1049 566 legimus
1078 515 1159 555 Sat.
1185 515 1215 564 1,
1244 516 1279 563 6,
1305 514 1357 555 53
1385 514 1560 558 Felicem

269 579 397 619 dicere
424 591 504 618 non
531 578 600 618 hoc
626 591 686 618 me
706 580 878 629 possim,
907 578 1010 630 quod
1037 581 1072 618 te
1098 578 1260 618 sortitus
1287 579 1474 627 amicum,
1503 578 1559 619 sic

269 642 374 691 apud
405 641 589 681 Plautum
616 652 774 692 quoque
811 642 848 681 in
879 642 1042 682 relativo
1070 641 1271 682 enuntiato
1308 655 1395 682 sum
1432 642 1555 691 deest,

268 706 376 744 Asin.
399 717 433 743 ν.
448 705 524 745 271
547 705 596 744 de
620 716 696 755 quo
718 716 829 744 nemo
849 706 1006 745 dubitat
1025 705 1078 754 (v.
1099 717 1136 754 p.
1157 705 1243 754 17):
1271 704 1375 744 hanc
1394 705 1561 756 quidem,

268 781 388 819 quam
427 771 570 808 nactus
590 768 804 818 praedam,
826 770 984 818 pariter
1012 780 1098 808 cum
1132 767 1212 807 illis
1254 768 1438 817 partiam.
1481 762 1560 807 Sed

270 831 476 871 dubitatur
506 831 554 870 de
1484 871 1487 874 .

373 894 487 934 Most.
517 906 551 933 v.
571 894 623 934 85
650 893 899 934 Recordatus
925 895 1089 935 multum
1117 897 1154 934 et
1179 894 1250 934 diu
1279 893 1454 945 coqitavi,

374 958 442 998 ubi
470 958 516 998 R.
545 957 712 997 inseruit
745 971 833 997 sum
859 962 951 998 ante
979 961 1026 1006 et,
1064 959 1134 998 sed
1170 957 1208 996 id
1238 957 1399 997 verbum
1426 956 1562 996 deesse

269 1021 412 1061 debere
442 1021 557 1061 docet
584 1020 716 1060 Muell.
738 1020 847 1061 Pros.
867 1033 904 1070 p.
923 1023 999 1062 170
1020 1032 1145 1070 neque
1164 1032 1254 1060 vero
1286 1031 1372 1059 cum
1392 1019 1561 1068 Bergkio

273 1083 357 1122 Iud.
392 1082 482 1122 Hal.
512 1082 680 1133 1862163
715 1084 947 1123 recordatus
983 1095 1054 1133 pro
1091 1083 1301 1133 participio
1338 1081 1560 1120 habendum

272 1150 344 1194 est,
363 1158 452 1185 nam
473 1145 566 1186 talis
586 1145 827 1186 constructio
855 1158 880 1186 a
898 1146 1154 1197 simplicitate
1178 1145 1365 1186 sermonis
1389 1143 1562 1184 Plautini

268 1209 469 1249 abhorret.
519 1209 594 1250 Hic
613 1214 744 1249 autem
764 1210 922 1250 omissio
943 1209 1053 1254 verbi
1072 1209 1306 1249 substantivi
1326 1208 1460 1247 durior
1478 1218 1562 1247 esse

269 1273 447 1322 videtur,
484 1273 588 1322 quod
626 1273 764 1313 modus
801 1271 978 1313 finitivus
1017 1276 1055 1313 et
1090 1272 1285 1323 particula
1318 1270 1564 1321 coniungitur

269 1347 355 1375 cum
398 1336 629 1375 recordatus
655 1334 842 1385 perfecto,
879 1339 919 1375 et
946 1340 1219 1386 exspectamus
1247 1335 1310 1375 hic
1337 1347 1424 1374 sum
1459 1333 1562 1373 desi-

268 1399 485 1438 derandum
515 1410 588 1438 non
617 1409 713 1438 esse.
769 1398 879 1445 Quae
906 1399 1037 1449 opinio
1066 1409 1135 1438 nos
1161 1398 1277 1447 fallit,
1305 1409 1394 1437 nam
1424 1400 1468 1437 ut
1498 1396 1562 1436 hic

273 1461 466 1501 conferam
496 1461 611 1501 modo
633 1473 699 1500 eos
722 1461 825 1500 locos
848 1461 990 1510 quibus
1009 1474 1095 1501 sum
1114 1461 1172 1500 ita
1192 1460 1399 1510 omittitur,
1428 1459 1562 1498 videas

269 1524 384 1563 velim
415 1523 536 1563 Stich.
566 1536 600 1563 v,
625 1525 674 1563 73
702 1537 827 1574 neque
852 1525 1029 1575 equidem
1048 1524 1093 1564 id
1117 1524 1282 1574 factura
1303 1536 1427 1574 neque
1450 1522 1560 1563 dabo.

270 1587 321 1626 Et
350 1587 425 1626 huc
445 1587 672 1627 referendus
692 1592 752 1626 est
768 1590 802 1636 ¹)
832 1588 938 1627 locus
959 1587 1154 1627 Ciceronis
1173 1588 1222 1625 ad
1244 1586 1333 1626 fam.
1359 1587 1428 1634 IX,
1454 1588 1513 1634 11,
1536 1587 1561 1626 2

268 1663 363 1689 nam
390 1653 428 1689 et
447 1650 624 1690 celeriter
644 1663 729 1689 una
748 1651 908 1700 futuros
929 1663 1001 1690 nos
1023 1650 1193 1689 arbitror
1213 1652 1251 1689 et
1267 1649 1443 1689 nondwm
1464 1650 1562 1689 satis

271 1714 527 1764 confirmatus
555 1715 611 1753 ad
627 1714 886 1761 scribendum,
915 1714 981 1762 qui
1010 1713 1116 1753 locus
1144 1713 1200 1753 illi
1220 1713 1333 1753 Most.
1353 1713 1482 1753 versui
1503 1717 1563 1752 est

269 1776 505 1815 simillimus.
549 1777 797 1826 Wesenberg.
821 1781 952 1816 autem
972 1789 1060 1815 sum
1078 1779 1168 1825 post
1185 1776 1360 1815 nondum
1378 1776 1561 1815 inseruit:

274 1839 342 1879 sed
372 1843 648 1889 praeterquam
677 1839 783 1889 quod
804 1852 891 1879 sum
917 1843 1007 1889 post
1027 1851 1093 1890 eqo
1116 1851 1140 1879 a
1161 1838 1345 1879 Cicerone
1365 1838 1562 1878 omittitur

270 1902 335 1952 (ef.
365 1915 402 1952 p.
432 1902 474 1953 9)
504 1903 669 1952 legimus
697 1903 748 1942 ad
779 1903 860 1941 Att.
893 1902 975 1950 XV,
1003 1903 1066 1950 26,
1105 1903 1130 1941 5
1159 1903 1348 1958 ‘mundus
1375 1903 1447 1942 iste
1475 1914 1562 1942 cum
1617 1926 1619 1928 -

270 1965 330 2004 M.
351 1965 488 2004 Ennio
516 1966 613 2016 quid
640 1966 762 2017 eyerit
787 1965 835 2005 de
862 1967 1089 2005 testamento
1116 1987 1166 1993 —-
1192 1966 1369 2005 curiosus
1390 1966 1492 2005 enim
1511 1988 1561 1994 -

268 2029 403 2078 facias
431 2041 491 2067 me
517 2028 632 2067 velim
660 2023 891 2075 certiorem',
929 2027 996 2066 ubi
1024 2028 1119 2067 item
1148 2027 1296 2067 frustra
1323 2028 1372 2067 ab
1402 2029 1560 2068 editori-

271 2090 344 2129 bus
373 2090 536 2128 additur
563 2103 649 2129 sum
676 2093 764 2139 post
792 2091 905 2129 enim.
959 2089 1060 2128 Nam
1089 2090 1137 2129 de
1166 2089 1283 2129 verbo
1311 2090 1559 2131 substantivo

272 2153 334 2191 hic
355 2157 459 2192 recte
479 2154 621 2192 omisso
641 2165 686 2192 eo
707 2153 834 2191 minus
851 2152 1110 2191 dubitandum
1131 2157 1202 2202 est,
1224 2154 1329 2203 quod
1347 2154 1387 2193 in
1402 2165 1561 2204 prorsus

272 2215 464 2256 similibus
502 2216 718 2256 enuntiatis
758 2218 816 2255 est
851 2215 1064 2254 omittitur:
1106 2216 1157 2255 ad
1197 2216 1281 2256 Att.
1310 2216 1417 2267 XIII,
1444 2217 1508 2266 40,
1535 2217 1561 2257 2

270 2292 416 2331 mayna
444 2280 545 2319 enim
571 2292 634 2318 res
662 2282 700 2318 et
724 2278 872 2319 multae
900 2279 1094 2318 cautionis
1103 2292 1117 2326 ,·
1156 2278 1263 2329 XIII,
1289 2279 1353 2329 48,
1385 2281 1400 2319 1
1433 2280 1562 2331 Lepta

359 2428 388 2469 1)
411 2430 503 2465 Prop.
530 2429 565 2463 V,
590 2430 618 2465 2,
643 2431 660 2457 3
688 2430 800 2458 'l'uscus
814 2437 865 2465 eqo
883 2433 909 2456 et
928 2428 1032 2456 Tuscia
1047 2429 1128 2457 orior
1142 2438 1194 2457 nec
1210 2429 1342 2465 paenitet
1367 2430 1439 2458 Aen.
1459 2430 1484 2466 1,
1502 2431 1559 2459 201

271 2490 322 2512 vos
342 2483 466 2510 accestis
490 2481 621 2517 scopulos
645 2490 695 2509 vos
717 2486 743 2510 et
764 2479 910 2517 Cyclopea
933 2489 1010 2508 saaea
1033 2481 1160 2517 Experti
