1776 2893
262 274 449 313 nonnulla
479 274 756 322 exscripsimus
783 286 821 323 p.
842 275 912 313 27:
941 274 1060 313 Bach.
1090 286 1125 312 v.
1147 273 1224 312 937
1251 273 1402 323 Epiust
1428 274 1558 313 Pisto-

262 337 413 376 clerus:
456 337 504 375 ab
542 350 584 376 eo
622 337 718 376 haec
755 340 938 387 sumpta;
981 335 1121 385 Amph.
1159 348 1195 375 v.
1228 336 1305 376 217
1344 335 1560 385 Postquam

255 401 451 450 utrimque
490 400 676 439 exitumst
710 413 899 439 maxuma
938 400 1069 449 copia,
1104 398 1320 448 Dispertiti
1346 399 1441 446 viri,
1477 399 1557 437 dis-

250 463 393 511 pertiti
422 463 603 510 ordines‚·
641 462 746 502 Trin.
776 475 809 501 v.
832 462 910 501 426
939 462 1056 501 Mille
1084 461 1392 500 drachumarum
1427 464 1558 510 tarpe-

257 526 361 563 zitae
404 524 622 574 Olympico,
667 525 777 573 Quas
815 525 862 563 de
877 559 881 561 .
899 525 1055 562 ratione
1092 525 1316 570 dehibuisti,
1358 524 1558 570 redditae,·

258 586 380 625 Stich.
402 586 482 626 210
509 585 578 625 Ita
614 599 673 625 me
709 587 929 635 mancupia
962 586 1147 625 miserum
1174 585 1410 636 adfecerunt
1444 585 1556 632 male,

257 648 487 688 Potationes
508 649 725 699 plurumae
755 650 1003 696 demortuae;

363 712 407 749 In
446 711 665 750 enuntiatis
701 712 879 750 relativis
916 712 1027 750 deest
1062 714 1179 750 sunt:
1220 711 1361 759 Amph.
1390 722 1426 749 v.
1456 710 1556 749 1108

255 774 322 812 ubi
358 777 469 812 utero
506 775 632 813 eoeorti
671 774 822 813 dolores
860 777 906 812 ut
941 775 1068 813 solent
1097 787 1343 823 puerperae,
1386 773 1556 812 Invocat

259 837 373 883 deos;
403 849 436 875 v.
456 837 556 875 1127
574 836 789 886 Postquam
808 850 976 885 puerum
996 837 1214 886 conspicati
1225 839 1421 887 peryunt;
1450 835 1556 874 Trin.

257 911 292 938 v.
318 899 419 938 1049
438 898 520 938 illis
540 912 691 949 quoque
711 899 904 950 abrogant
922 902 1041 939 etiam
1066 900 1194 949 fidem,
1226 899 1303 948 Qui
1321 899 1381 938 nil
1402 900 1556 937 meriti:

258 963 404 1010 quippe
426 963 611 1010 probant,
641 961 749 1007 Quae
778 973 864 1000 cum
894 962 952 1000 ita
980 962 1071 1009 sint,
1099 962 1194 1010 quid
1224 961 1376 1007 mirum,
1405 961 1437 999 si
1464 963 1557 999 sunt

257 1023 371 1063 deest

363 1086 477 1125 Poen.
506 1098 541 1124 v.
567 1087 644 1125 219
682 1086 816 1125 Binae
852 1087 1021 1137 sinyulis
1054 1099 1155 1136 quae
1192 1086 1311 1124 datae
1345 1086 1455 1124 nobis
1482 1098 1555 1124 an-

259 1149 392 1195 cillae,
431 1161 500 1187 eae
526 1160 598 1187 nos
626 1148 797 1188 lavando
834 1149 996 1188 eluendo
1027 1161 1185 1198 operam
1213 1148 1416 1187 dederunt.
1470 1148 1555 1187 Rit-

256 1210 391 1249 schelii
420 1210 663 1259 propositum
701 1211 911 1250 inserentis
947 1214 1043 1249 sunt
1076 1214 1117 1249 et
1154 1211 1338 1249 addentis
1367 1211 1555 1249 comundo

257 1284 333 1311 non
361 1273 419 1311 ita
448 1276 510 1311 est
538 1272 752 1321 probabile.
808 1272 907 1311 Mihi
931 1272 1060 1313 adhuc
1081 1272 1246 1313 maxime
1270 1273 1428 1312 adridet
1447 1273 1553 1324 quod

257 1336 391 1375 Herm.
413 1336 533 1374 Elem.
553 1349 591 1386 p.
606 1337 685 1376 295
704 1336 864 1384 scripsit
884 1337 1034 1382 dedere,
1055 1347 1176 1384 eoque
1196 1336 1399 1375 continuos
1418 1347 1555 1375 versus

258 1398 491 1437 bacchiacos
511 1399 814 1438 reconcinnavit.
856 1397 944 1436 Huc
963 1399 1137 1447 pertinet
1158 1399 1276 1438 etiam
1298 1398 1404 1438 Trin.
1424 1411 1461 1438 v.
1480 1398 1558 1438 393

270 1461 414 1500 Verum
439 1462 604 1501 meliora
632 1466 727 1501 sunt
745 1475 863 1511 quam
892 1475 993 1510 quae
1018 1462 1241 1501 deterruma
1280 1462 1412 1501 Facile
1440 1462 1557 1500 etiam

260 1524 298 1561 in
332 1524 612 1563 exclamatione
641 1525 753 1563 deest
779 1526 874 1561 sunt

369 1585 491 1624 Stich.
518 1598 553 1625 v.
573 1587 650 1625 212
679 1587 783 1636 Quot
800 1586 898 1625 adeo
918 1598 1047 1633 cenae,
1077 1599 1177 1636 quas
1196 1586 1343 1635 deflevi,
1371 1590 1559 1634 mortuae,

368 1649 472 1697 Quot
491 1650 673 1699 potiones
701 1648 829 1696 mulsi,
858 1652 951 1698 quot
975 1650 1068 1687 item
1089 1649 1285 1698 prandia,

368 1711 478 1760 Quae
508 1712 610 1750 inter
639 1712 867 1750 continuum
889 1712 1053 1761 perdidi
1080 1712 1296 1750 triennium

368 1775 481 1813 Truc.
511 1786 546 1812 v.
568 1774 617 1812 28
650 1774 753 1822 Quot
770 1774 853 1812 illie
872 1774 1090 1812 blanditiae
1109 1777 1204 1822 quot
1219 1773 1302 1812 illic
1321 1775 1560 1814 iracundiae

368 1835 586 1886 Superbiae
615 1836 788 1875 lamenta
815 1859 865 1863 —
895 1836 952 1876 sic
980 1835 1142 1875 Schoell.
1173 1835 1264 1874 libri
1292 1840 1440 1876 autem:
1468 1842 1561 1877 sunt

263 1903 355 1949 quot
386 1899 692 1949 perclamenda,
734 1911 758 1937 a
795 1910 871 1948 qua
914 1898 1078 1937 lectione
1118 1898 1299 1937 Schoellii
1338 1900 1560 1940 coniectura

262 1963 378 2001 nimis
406 1962 566 2001 recedit.
624 1962 773 2000 Deinde
803 1960 1131 1999 commemorandi
1160 1964 1272 1999 sunt:

370 2024 471 2062 Rud.
508 2036 542 2062 v.
571 2025 646 2062 207
684 2024 772 2062 Hoc
814 2024 919 2072 quod
954 2024 1099 2061 induta
1135 2036 1222 2061 sum
1260 2035 1433 2062 summae
1472 2037 1562 2074 opes

264 2086 409 2136 oppido

369 2149 485 2187 Poen.
512 2149 580 2196 IV,
610 2149 646 2195 2,
677 2148 725 2186 13
765 2148 906 2187 Omnia
941 2161 1088 2198 yenera
1121 2149 1391 2197 recipiuntur,
1428 2150 1562 2199 itaque

264 2212 310 2249 in
340 2211 429 2249 totis
457 2211 620 2250 aedibus

374 2273 570 2312 Tenebrae
598 2273 793 2312 latebrae:
822 2274 964 2313 bibitur
992 2277 1109 2321 estur,

372 2335 439 2373 ubi
460 2336 631 2385 omissio,
660 2336 839 2384 quamvis
861 2337 961 2374 dura
982 2337 1045 2384 sit,
1075 2340 1205 2375 tamen
1223 2339 1285 2375 est
1304 2347 1427 2374 vacua
1450 2338 1563 2377 dubi-

265 2398 425 2438 latione.

371 2461 509 2510 Neque
537 2461 643 2509 apud
671 2461 897 2500 Terentium
935 2462 1076 2501 desunt
1114 2462 1290 2512 exempla
1327 2462 1434 2501 verbi
1469 2466 1565 2503 sunt
