1776 2893
729 177 781 183 -.
805 191 807 194 Α
835 154 886 194 65
939 179 989 184 .-

315 261 429 300 Nunc
466 258 693 298 adscribere
732 258 828 297 mihi
866 258 983 298 liceat
1018 261 1202 300 nonnulla
1238 258 1414 311 exempla
1451 264 1502 302 de

212 323 353 373 quibus
392 320 549 361 minime
578 320 802 370 dubitatur,
840 321 932 370 quia
965 335 1052 361 sum
1086 322 1168 362 sine
1196 323 1336 363 damno
1366 336 1501 365 versus

211 386 330 426 inseri
352 396 423 423 non
444 385 588 432 potest,
610 382 680 421 sed
699 394 799 432 quae
819 395 889 423 nos
909 385 1049 423 docent
1069 385 1107 423 in
1128 396 1288 434 prorsus
1308 386 1500 425 similibus

212 448 388 488 versibus
417 456 539 494 neque
567 448 637 483 aut
674 448 732 484 est
757 450 826 485 aut
854 459 894 485 es
922 446 1221 487 desiderandum
1253 459 1358 487 esse:
1397 450 1497 489 Rud.

211 524 244 550 v.
276 510 352 548 740
384 507 478 547 Non
517 509 560 545 tu
593 505 829 556 Cyrenensis
863 509 931 547 es?
959 520 988 547 ::
1018 508 1142 548 Immo
1180 509 1348 549 Athenis
1380 514 1500 550 natus

210 574 389 621 aliusque
424 570 689 618 educatusque
715 569 862 609 Atticis
916 570 1029 620 Capt.
1060 583 1093 610 ν.
1119 571 1194 610 857
1232 572 1333 611 Tum
1371 576 1413 612 tu
1446 574 1500 612 mi

208 636 330 686 iyitur
352 646 442 673 erus
465 632 534 671 es?
563 643 592 670 :2
620 631 746 671 Immo
765 633 990 673 benevolens
1018 633 1124 674 Pers.
1149 647 1184 674 v.
1206 634 1283 673 378
1308 634 1501 674 Futura’s

210 698 312 736 dicto
346 696 548 734 oboediens
587 707 642 733 an
676 706 758 733 non
785 696 932 744 patri?
966 708 996 735 :2
1032 696 1194 735 Futura
1238 697 1335 735 Eun.
1365 708 1400 735 v.
1421 698 1499 737 462

206 759 355 799 Ituran
385 757 508 796 Tha-is
541 759 725 807 quopiam
760 757 828 797 es?
885 757 955 797 Th.
982 758 1108 798 Ehem
1134 759 1350 807 Parmeno,
1389 760 1501 799 Bene

206 823 352 871 fecisti:
391 821 503 859 hodie
528 822 662 859 itura:
697 819 784 858 Pa:
815 820 930 869 Quo?
974 823 1015 860 et
1042 821 1182 860 similis
1218 821 1325 860 locus
1358 826 1419 861 est
1447 824 1498 860 ad

209 886 289 923 Att.
319 883 406 932 VII,
435 884 470 930 6,
498 884 523 922 2
558 884 673 930 dices,
710 883 809 932 quid
845 885 887 922 tu
923 884 1046 934 iyitur
1081 896 1270 923 sensurus
1310 884 1380 923 es?
1419 897 1500 923 non

206 947 309 985 idem
336 946 440 996 quod
467 946 657 984 dicturus.

314 1008 488 1058 Denique
508 1008 662 1050 silentio
687 1007 793 1048 haud
814 1008 1083 1057 praeterierim
1106 1008 1178 1048 hos
1197 1020 1334 1049 versus
1355 1009 1497 1049 Teren-

208 1073 354 1111 tianos:

310 1133 465 1172 Phorm.
493 1145 528 1172 v.
556 1132 607 1171 48
651 1135 730 1180 Tu,
770 1132 838 1171 tibi
875 1145 1014 1172 nomen
1052 1133 1116 1172 dic
1154 1134 1251 1183 quid
1286 1134 1373 1173 est?
1424 1135 1498 1174 Ph.

207 1196 370 1235 Mihin?
409 1196 594 1234 Phormio

319 1258 480 1297 Vestrae
504 1257 685 1306 familiae
705 1257 831 1296 hercle
852 1258 1002 1296 amicus
1029 1260 1067 1296 et
1090 1260 1155 1296 tuo
1175 1270 1347 1298 summus
1366 1259 1497 1299 Phae-

207 1321 339 1368 driae,
376 1320 442 1359 ubi
480 1319 666 1359 Phormio
699 1323 759 1359 est
786 1319 881 1358 mihi
913 1331 1053 1359 nomen
1089 1319 1275 1359 Phormio
1311 1325 1387 1370 est;
1426 1323 1497 1361 sed

206 1383 323 1422 simul
342 1383 509 1422 sentitur
527 1382 725 1438 cPhormio
742 1377 856 1430 sum'‚
880 1383 938 1421 ita
957 1387 1002 1420 ut
1020 1383 1215 1431 appositio
1236 1385 1345 1433 sequi
1360 1385 1495 1433 possit.

206 1446 343 1496 Itaque
370 1446 532 1485 verbum
560 1444 849 1485 substantivum
887 1445 924 1483 in
963 1448 1047 1484 toto
1088 1457 1185 1485 nexu
1215 1447 1495 1486 sententiarum

207 1509 368 1547 auditur
394 1512 513 1557 atque
541 1510 711 1548 sentitur
739 1511 779 1546 et
807 1506 965 1546 difficile
993 1508 1110 1546 immo
1138 1520 1232 1547 vero
1258 1508 1402 1547 falsum
1435 1515 1495 1548 est

208 1571 337 1610 dicere
365 1571 524 1609 verbum
563 1570 625 1608 hic
662 1570 724 1609 vel
764 1569 845 1608 illic
873 1569 1059 1608 omissum
1088 1581 1185 1609 esse.
1240 1571 1314 1609 Hic
1342 1582 1495 1620 quoque

205 1634 330 1682 magis
343 1634 484 1672 Latine
503 1633 648 1671 sentire
667 1643 781 1681 quam
801 1630 953 1670 ratione
972 1636 1128 1671 nostrae
1147 1632 1303 1683 linguae
1323 1633 1494 1683 cogitare

205 1696 400 1735 debemus.
453 1696 587 1744 Neque
611 1695 727 1733 aliter
756 1706 819 1733 res
847 1705 888 1733 se
914 1693 1033 1733 habet
1070 1694 1167 1733 Eun.
1198 1706 1232 1733 v.
1256 1696 1358 1736 1063
1389 1696 1495 1745 Quor

207 1771 295 1810 erqo
322 1759 366 1798 in
393 1758 453 1797 his
482 1761 517 1797 te
546 1758 748 1807 conspicor
773 1755 1026 1808 reqionibus?
1080 1756 1171 1797 Th.:
1218 1758 1332 1797 Vobis
1356 1759 1495 1808 fretus.

207 1821 298 1861 Ph.:
336 1821 447 1861 Scire
476 1834 594 1871 quarn
618 1820 775 1870 fretus?
813 1819 879 1859 ubi
909 1830 977 1858 nos
1005 1819 1256 1869 haesitamus,
1284 1824 1417 1860 utrum
1443 1822 1494 1861 ad

206 1885 326 1924 verba
356 1884 476 1940 (vobis
500 1878 647 1934 fretus'
678 1884 897 1933 conspicior
928 1896 954 1921 a
985 1885 1020 1922 te
1047 1883 1284 1932 cogitatione
1311 1883 1494 1933 supplere

206 1949 418 1988 debeamus
445 1958 494 1986 an
522 1960 629 1994 sum,
656 1957 727 1996 pro
753 1957 829 1995 quo
858 1946 1061 1995 sequentia
1088 1946 1208 1986 verba
1230 1951 1418 1996 pugnant.

309 2011 391 2050 Iam
419 2010 650 2050 accedamus
677 2010 728 2048 ad
756 2008 939 2048 omissam

487 2114 725 2154 secundam
752 2112 942 2165 pluralis
969 2123 1202 2164 personam

308 2201 356 2239 de
384 2211 461 2248 qua
489 2199 671 2237 nonnulla
699 2198 873 2246 exempla
900 2198 978 2236 iam
1006 2209 1125 2245 supra
1153 2197 1317 2236 disiecta
1345 2196 1482 2236 attuli-

204 2273 300 2310 mus,
322 2267 367 2301 ut
385 2262 491 2300 Asin.
516 2272 549 2298 v.
567 2260 643 2300 134
662 2259 784 2299 Mare
804 2259 914 2298 haud
932 2262 990 2298 est
1005 2271 1137 2297 mare:
1164 2270 1230 2297 vos
1249 2271 1358 2298 mare
1379 2271 1489 2298 acer—

202 2326 366 2373 rimum;
409 2324 526 2363 Andr.
561 2335 597 2362 v.
631 2322 709 2361 285
743 2322 922 2361 Accessi:
959 2334 1025 2360 vos
1059 2324 1247 2360 semotae:
1284 2334 1356 2360 nos
1391 2321 1489 2369 soli,-

204 2390 256 2436 (p.
277 2388 317 2436 6)
347 2388 463 2427 Haut.
493 2397 525 2425 v.
550 2385 624 2423 119
653 2385 762 2424 ambo
790 2385 1030 2424 accusandi:
1064 2385 1136 2424 etsi
1161 2384 1264 2424 illud
1290 2384 1490 2434 inceptum

203 2452 334 2491 tamen
358 2450 535 2491 Animist
549 2448 763 2500 prudentis
787 2449 942 2500 signum
968 2448 1076 2488 Asin.
1098 2447 1172 2488 648
1202 2446 1328 2497 Cupio
1351 2447 1490 2496 hercle,

1214 2516 1234 2548 5
