1776 2893
721 180 980 220 -95-

209 290 447 338 mmmmm
486 285 569 324 Tib.
606 286 637 333 I,
664 286 701 332 3,
726 285 752 323 5
790 284 1006 331 abstineas,
1043 298 1145 324 mors
1180 289 1289 333 atra,
1322 298 1464 335 precor
1476 299 1489 324 .·

208 363 287 391 non
313 350 376 389 hic
401 347 496 388 mihi
521 350 647 387 mater
672 360 753 386 mm
778 360 889 387 soror
916 370 965 374 —
992 360 1072 386 non
1099 347 1219 388 Delia
1245 361 1411 398 usquam

312 413 421 459 Quae
448 421 535 450 cum
562 411 618 449 ita
645 411 724 449 sint
751 410 992 449 rectoenobis
1020 411 1208 449 traditum
1236 422 1321 450 esse
1346 415 1487 461 putan-

208 477 299 515 dum
327 477 388 514 est

311 538 426 577 Most.
454 548 489 575 v.
518 536 595 575 933
622 535 702 575 Hic
729 536 884 586 quidem
910 548 1035 585 neque
1064 536 1314 575 convivarum
1339 538 1489 576 sonitus

207 602 298 641 ilem
323 602 370 648 ut
395 598 561 639 matellae
585 598 698 649 fult?

311 664 361 703 R:
384 662 533 702 frustra
558 663 748 711 sonitus&
783 674 908 713 neque
945 663 1151 712 quisquam
1188 663 1355 701 mutavit
1390 663 1489 702 Rud.

209 739 243 766 v.
275 726 376 764 1413
404 725 519 764 Nihil
545 725 670 764 hercle
697 725 760 764 hie
788 725 875 773 tibi,
902 738 952 764 ne
980 728 1023 764 tu
1048 738 1202 774 speres‚·
1242 725 1321 764 Mil.
1350 736 1383 763 v.
1412 725 1489 763 378

213 787 325 829 Certo
350 801 476 839 neque
504 788 694 828 solarium
725 787 837 839 apud
871 800 944 828 nos
968 801 1095 839 neque
1130 788 1265 828 hortus
1291 787 1398 827 ullus
1439 787 1492 827 Et

207 851 322 889 Poen.
361 851 435 890 757
478 851 650 890 suorum
689 851 800 901 apud
837 863 897 889 me
932 864 1044 890 nemo
1080 863 1151 890 nee
1188 851 1398 900 quicquam
1434 851 1492 889 tui

207 915 312 953 recte
346 913 529 953 videntur
555 913 623 953 DP
662 916 720 954 est
757 913 951 963 omisisse3
994 914 1132 954 melius
1174 916 1305 954 autem
1333 913 1489 952 videtur

207 987 292 1016 esse
329 987 416 1016 cum
442 978 478 1016 A
506 980 562 1016 est
589 978 734 1017 addere
767 977 847 1017 Mil.
877 990 910 1016 v.
940 979 1016 1017 398
1053 990 1159 1017 nunc
1192 977 1347 1027 quidem
1389 977 1492 1015 domi

207 1041 320 1087 certo,
347 1039 439 1090 quia
465 1051 591 1080 sermo
619 1040 682 1080 hic
710 1041 793 1081 sine
820 1040 995 1081 subiecto
1023 1044 1084 1081 est
1110 1040 1310 1081 obscurus.

311 1101 422 1152 Capt.
443 1116 476 1143 v.
496 1104 572 1143 336
603 1104 701 1143 Tam
727 1105 796 1144 hoc
824 1105 977 1154 quidem
1006 1104 1074 1144 tibi
1098 1106 1143 1143 in
1163 1104 1343 1154 proclivi,
1373 1116 1491 1153 quam

208 1164 323 1204 imber
341 1168 408 1213 est,
436 1168 594 1216 quando
614 1168 724 1217 pluit
748 1179 823 1206 non
851 1179 937 1207 cum
955 1168 1012 1207 Fl.
1041 1168 1287 1207 scribendum
1314 1170 1375 1206 est
1395 1179 1491 1216 pro-

208 1227 334 1268 clivist

309 1291 500 1338 Quoniam
538 1293 706 1332 vidimus
746 1292 880 1332 Afran.
922 1292 967 1332 fr.
1009 1294 1058 1332 15
1100 1293 1196 1342 Quis
1237 1296 1317 1331 tam
1353 1293 1490 1343 sayaei

205 1356 321 1404 alque
357 1354 515 1406 inyem'o
552 1356 670 1396 unico
702 1359 808 1396 recte
850 1367 936 1396 cum
962 1356 1018 1396 B*
1051 1355 1255 1396 scribimus
1290 1356 1370 1395 Mil.
1411 1356 1489 1395 464

204 1416 342 1468 Neque
380 1432 495 1469 eques
532 1433 656 1470 neque
687 1421 811 1470 pedes
832 1420 1011 1471 profecto
1040 1420 1247 1470 quisquam
1274 1422 1387 1459 tanta
1416 1433 1488 1459 au-

206 1481 323 1521 dacia
330 1495 344 1530 ,·
370 1482 426 1521 Βι
452 1484 661 1533 profectos,
690 1483 720 1523 C
745 1482 955 1533 profectus,
983 1483 1027 1521 R.
1056 1481 1282 1532 profectost.

308 1545 362 1584 Et
400 1546 551 1594 integer
592 1551 652 1586 est
689 1547 769 1586 Mil.
808 1559 841 1586 v.
883 1547 983 1585 1113
1019 1545 1127 1585 Nam
1165 1558 1251 1585 cum
1287 1546 1359 1585 illa
1394 1559 1490 1585 sane

206 1619 401 1658 eonyruus
426 1621 549 1648 sermo
579 1609 658 1657 tibi,
687 1610 790 1649 sicut
817 1610 867 1648 ad
893 1608 981 1648 fam.
1010 1609 1058 1658 X,
1089 1609 1148 1657 12,
1177 1609 1202 1648 3
1228 1622 1374 1659 mayna
1396 1609 1491 1648 mihi

207 1672 398 1710 contentio
438 1684 524 1710 eum
563 1670 728 1712 Servilio
755 1672 890 1722 Neque
927 1672 1039 1711 Truc.
1069 1684 1103 1711 v.
1135 1672 1209 1711 189
1246 1670 1313 1711 ubi
1339 1672 1374 1710 A
1402 1682 1487 1710 cum

204 1733 286 1773 rell.
314 1733 477 1784 praebet
511 1734 607 1775 Utut
632 1736 724 1775 aliis
743 1735 812 1775 tibi
839 1736 993 1785 quidem
1019 1736 1129 1774 inlus
1157 1735 1281 1774 ausim
1313 1734 1488 1774 scribere

203 1797 339 1836 inlust.
392 1796 491 1836 Nam
520 1798 649 1837 omnia
675 1801 768 1838 sunt
795 1798 1006 1848 perspicua
1042 1798 1158 1837 etiam
1186 1798 1269 1837 sine
1297 1797 1413 1837 verbo
1441 1810 1486 1837 ex

205 1860 447 1900 antecedenti
466 1860 788 1910 interrogatione:
816 1861 942 1901 Estne
955 1862 1065 1900 intus
1079 1874 1187 1900 nune
1202 1861 1458 1900 Phronesium
1467 1861 1488 1899 ,9

204 1934 292 1961 nam
321 1923 360 1962 in
388 1923 586 1973 responsis
613 1923 778 1963 Plautus
805 1936 880 1963 non
908 1927 1086 1974 repetere
1113 1924 1264 1964 solebat
1292 1927 1357 1963 est.

309 1985 425 2025 Poen.
454 1998 488 2025 v.
518 1987 596 2026 340
629 1986 793 2027 Bellula
828 1987 953 2026 hercle
990 1999 1020 2027 z:
1060 1986 1091 2026 I
1113 1988 1278 2027 dierecle
1303 2010 1354 2015 -
1381 1987 1486 2026 haud

205 2047 390 2088 debemus
418 2048 587 2088 scribere
614 2050 776 2090 herclest
814 2062 939 2100 neque
975 2051 1077 2090 enim
1103 2050 1236 2089 hiatus
1271 2062 1341 2089 nos
1368 2049 1485 2089 offen-

205 2110 262 2148 dit
290 2114 329 2149 et
355 2111 432 2149 iam
460 2111 666 2151 habuimus
694 2116 745 2163 (p.
774 2113 842 2160 93)
874 2125 976 2162 puer
1002 2112 1156 2162 quidem
1182 2113 1316 2151 beatus
1342 2115 1381 2151 et
1408 2111 1484 2151 Cic.

204 2172 255 2211 ad
290 2175 373 2213 Att.
401 2174 506 2223 XVI,
535 2175 616 2223 13³,
656 2176 681 2215 2
718 2175 918 2227 lonyulum
953 2188 1050 2215 sane
1085 2176 1160 2214 iter
1195 2178 1232 2214 el
1266 2175 1331 2213 via
1366 2175 1485 2222 mala,

204 2238 245 2274 et
271 2237 437 2277 maxime
464 2237 719 2278 conferendus
747 2242 807 2279 est
833 2238 912 2278 Mil.
942 2251 975 2278 v.
1004 2238 1103 2277 394:
1131 2237 1200 2277 Eu
1216 2237 1341 2277 hercle
1361 2250 1483 2287 prae-

204 2311 293 2339 sens
320 2302 533 2340 somnium:
561 2302 626 2341 abi
651 2303 757 2342 intro
785 2305 822 2341 et
849 2313 1082 2350 conprecare
1109 2300 1176 2339 ubi
1202 2311 1327 2349 neque
1352 2300 1484 2339 hiatus

205 2361 365 2404 offendit
401 2376 526 2415 neque
563 2364 714 2415 syllaba
741 2376 901 2414 anceps,
933 2368 972 2404 et
998 2375 1113 2413 quam
1142 2375 1217 2403 non
1244 2364 1298 2403 sit
1324 2374 1483 2403 accusa-

204 2425 308 2466 tivus
336 2427 627 2476 exclamativus‚
655 2428 744 2467 vide
769 2440 807 2476 p.
836 2426 896 2466 75.

312 2492 446 2541 Neque
473 2491 587 2531 Poen.
616 2491 662 2539 V,
691 2492 727 2538 2,
766 2490 838 2528 138
876 2489 956 2529 Hic
994 2490 1055 2529 illi
1089 2490 1235 2530 malam
1270 2503 1352 2530 rem
1390 2491 1486 2530 dare
