<?xml version="1.0" encoding="UTF-8"?>
<!DOCTYPE html PUBLIC "-//W3C//DTD XHTML 1.0 Transitional//EN"
    "http://www.w3.org/TR/xhtml1/DTD/xhtml1-transitional.dtd">
<html xmlns="http://www.w3.org/1999/xhtml" xml:lang="en" lang="en">
 <head>
  <title>
</title>
<meta http-equiv="Content-Type" content="text/html;charset=utf-8" />
  <meta name='ocr-system' content='tesseract 3.04.00' />
  <meta name='ocr-capabilities' content='ocr_page ocr_carea ocr_par ocr_line ocrx_word'/>
</head>
<body>
  <div class='ocr_page' id='page_1' title='image "4737253_0051.png"; bbox 0 0 1776 2893; ppageno 0'>
   <div class='ocr_carea' id='block_1_1' title="bbox 721 184 981 223">
    <p class='ocr_par' dir='ltr' id='par_1_1' title="bbox 721 184 981 223">
     <span class='ocr_line' id='line_1_1' title="bbox 721 184 981 223; baseline 0.004 -11"><span class='ocrx_word' id='word_1_1' title='bbox 721 184 981 223; x_wconf 69' lang='lat'>—41-.</span> 
     </span>
    </p>
   </div>
   <div class='ocr_carea' id='block_1_2' title="bbox 207 287 1525 2536">
    <p class='ocr_par' dir='ltr' id='par_1_2' title="bbox 212 287 1505 524">
     <span class='ocr_line' id='line_1_2' title="bbox 212 287 1505 339; baseline -0.002 -11"><span class='ocrx_word' id='word_1_2' title='bbox 212 289 283 328; x_wconf 90' lang='lat' dir='ltr'><strong>tim</strong></span> <span class='ocrx_word' id='word_1_3' title='bbox 311 301 398 330; x_wconf 88' lang='lat' dir='ltr'><strong>cum</strong></span> <span class='ocrx_word' id='word_1_4' title='bbox 429 302 550 339; x_wconf 85' lang='lat' dir='ltr'><strong>supra</strong></span> <span class='ocrx_word' id='word_1_5' title='bbox 578 291 633 339; x_wconf 91' lang='lat' dir='ltr'><strong>(p.</strong></span> <span class='ocrx_word' id='word_1_6' title='bbox 665 289 733 338; x_wconf 83' lang='lat'><strong>15)</strong></span> <span class='ocrx_word' id='word_1_7' title='bbox 769 299 842 327; x_wconf 88' lang='lat' dir='ltr'><strong>non</strong></span> <span class='ocrx_word' id='word_1_8' title='bbox 882 300 1007 338; x_wconf 81' lang='lat' dir='ltr'><strong>pauca</strong></span> <span class='ocrx_word' id='word_1_9' title='bbox 1034 289 1282 339; x_wconf 80' lang='lat' dir='ltr'><strong>attulerimus</strong></span> <span class='ocrx_word' id='word_1_10' title='bbox 1308 287 1505 338; x_wconf 51' lang='lat' dir='ltr'><strong>exempla}</strong></span> 
     </span>
     <span class='ocr_line' id='line_1_3' title="bbox 213 350 1496 401; baseline 0 -10"><span class='ocrx_word' id='word_1_11' title='bbox 213 352 354 401; x_wconf 88' lang='lat' dir='ltr'><strong>quibus</strong></span> <span class='ocrx_word' id='word_1_12' title='bbox 399 353 506 401; x_wconf 88' lang='lat' dir='ltr'><strong>apud</strong></span> <span class='ocrx_word' id='word_1_13' title='bbox 546 353 698 391; x_wconf 82' lang='lat' dir='ltr'><strong>locutus</strong></span> <span class='ocrx_word' id='word_1_14' title='bbox 721 350 958 400; x_wconf 61' lang='lat' dir='ltr'><strong>sperfeetum</strong></span> <span class='ocrx_word' id='word_1_15' title='bbox 998 351 1132 390; x_wconf 81' lang='lat' dir='ltr'><strong>deesse</strong></span> <span class='ocrx_word' id='word_1_16' title='bbox 1171 363 1284 400; x_wconf 88' lang='lat' dir='ltr'><strong>posse</strong></span> <span class='ocrx_word' id='word_1_17' title='bbox 1321 353 1496 391; x_wconf 85' lang='lat' dir='ltr'><strong>diversas</strong></span> 
     </span>
     <span class='ocr_line' id='line_1_4' title="bbox 214 411 1494 463; baseline -0.002 -9"><span class='ocrx_word' id='word_1_18' title='bbox 214 414 323 454; x_wconf 89' lang='lat' dir='ltr'><strong>verbi</strong></span> <span class='ocrx_word' id='word_1_19' title='bbox 350 413 585 453; x_wconf 82' lang='lat' dir='ltr'><strong>substantivi</strong></span> <span class='ocrx_word' id='word_1_20' title='bbox 613 424 801 463; x_wconf 83' lang='lat' dir='ltr'><strong>personas</strong></span> <span class='ocrx_word' id='word_1_21' title='bbox 820 414 995 462; x_wconf 82' lang='lat' dir='ltr'><strong>apparet.</strong></span> <span class='ocrx_word' id='word_1_22' title='bbox 1044 411 1102 451; x_wconf 84' lang='lat' dir='ltr'><strong>Et</strong></span> <span class='ocrx_word' id='word_1_23' title='bbox 1127 412 1198 452; x_wconf 88' lang='lat' dir='ltr'><strong>hoc</strong></span> <span class='ocrx_word' id='word_1_24' title='bbox 1226 413 1307 453; x_wconf 91' lang='lat' dir='ltr'><strong>loco</strong></span> <span class='ocrx_word' id='word_1_25' title='bbox 1333 415 1399 454; x_wconf 85' lang='lat' dir='ltr'><strong>ille</strong></span> <span class='ocrx_word' id='word_1_26' title='bbox 1426 426 1494 453; x_wconf 84' lang='lat' dir='ltr'><strong>an-</strong></span> 
     </span>
     <span class='ocr_line' id='line_1_5' title="bbox 213 475 1428 524; baseline 0 -9"><span class='ocrx_word' id='word_1_27' title='bbox 213 477 370 517; x_wconf 84' lang='lat' dir='ltr'><strong>tecedit.</strong></span> <span class='ocrx_word' id='word_1_28' title='bbox 424 477 533 524; x_wconf 84' lang='lat' dir='ltr'><strong>Quae</strong></span> <span class='ocrx_word' id='word_1_29' title='bbox 560 487 646 515; x_wconf 85' lang='lat' dir='ltr'><strong>cum</strong></span> <span class='ocrx_word' id='word_1_30' title='bbox 674 476 732 515; x_wconf 82' lang='lat' dir='ltr'><strong>ita</strong></span> <span class='ocrx_word' id='word_1_31' title='bbox 758 476 853 524; x_wconf 90' lang='lat' dir='ltr'><strong>sint,</strong></span> <span class='ocrx_word' id='word_1_32' title='bbox 880 475 975 524; x_wconf 85' lang='lat' dir='ltr'><strong>quid</strong></span> <span class='ocrx_word' id='word_1_33' title='bbox 1002 475 1162 522; x_wconf 88' lang='lat' dir='ltr'><strong>mirum,</strong></span> <span class='ocrx_word' id='word_1_34' title='bbox 1189 476 1223 522; x_wconf 82' lang='lat' dir='ltr'><strong>si</strong></span> <span class='ocrx_word' id='word_1_35' title='bbox 1249 477 1428 524; x_wconf 83' lang='lat' dir='ltr'><strong>legimus:</strong></span> 
     </span>
    </p>

    <p class='ocr_par' dir='ltr' id='par_1_3' title="bbox 314 538 1495 594">
     <span class='ocr_line' id='line_1_6' title="bbox 314 538 1495 594; baseline -0.001 -16"><span class='ocrx_word' id='word_1_36' title='bbox 314 539 456 578; x_wconf 88' lang='lat' dir='ltr'><strong>Pseud.</strong></span> <span class='ocrx_word' id='word_1_37' title='bbox 479 550 513 577; x_wconf 89' lang='lat' dir='ltr'><strong>v.</strong></span> <span class='ocrx_word' id='word_1_38' title='bbox 535 539 612 578; x_wconf 87' lang='grc'><strong>396</strong></span> <span class='ocrx_word' id='word_1_39' title='bbox 636 539 733 589; x_wconf 77' lang='lat' dir='ltr'><strong>quid</strong></span> <span class='ocrx_word' id='word_1_40' title='bbox 748 551 856 594; x_wconf 72' lang='lat' dir='ltr'><strong>nuuc</strong></span> <span class='ocrx_word' id='word_1_41' title='bbox 877 540 1051 585; x_wconf 87' lang='lat' dir='ltr'><strong>acturus,</strong></span> <span class='ocrx_word' id='word_1_42' title='bbox 1064 538 1066 540; x_wconf 77' lang='grc'><strong>’</strong></span> <span class='ocrx_word' id='word_1_43' title='bbox 1072 540 1286 588; x_wconf 77' lang='lat' dir='ltr'><strong>postquam</strong></span> <span class='ocrx_word' id='word_1_44' title='bbox 1304 539 1391 577; x_wconf 79' lang='lat' dir='ltr'><strong>erili</strong></span> <span class='ocrx_word' id='word_1_45' title='bbox 1413 539 1495 588; x_wconf 80' lang='lat' dir='ltr'><strong>filio</strong></span> 
     </span>
    </p>

    <p class='ocr_par' dir='ltr' id='par_1_4' title="bbox 314 600 1158 653">
     <span class='ocr_line' id='line_1_7' title="bbox 314 600 1158 653; baseline -0.002 -12"><span class='ocrx_word' id='word_1_46' title='bbox 314 602 506 653; x_wconf 76' lang='lat' dir='ltr'><strong>Laryitus</strong></span> <span class='ocrx_word' id='word_1_47' title='bbox 532 602 647 641; x_wconf 87' lang='lat' dir='ltr'><strong>dictis</strong></span> <span class='ocrx_word' id='word_1_48' title='bbox 675 601 843 651; x_wconf 74' lang='lat' dir='ltr'><strong>dapsilis</strong></span> <span class='ocrx_word' id='word_1_49' title='bbox 871 600 1095 640; x_wconf 78' lang='lat' dir='ltr'><strong>lubentius?</strong></span> <span class='ocrx_word' id='word_1_50' title='bbox 1154 628 1158 632; x_wconf 71' lang='lat'><strong>.</strong></span> 
     </span>
    </p>

    <p class='ocr_par' dir='ltr' id='par_1_5' title="bbox 210 661 1525 773">
     <span class='ocr_line' id='line_1_8' title="bbox 313 661 1525 713; baseline -0.001 -9"><span class='ocrx_word' id='word_1_51' title='bbox 313 668 355 704; x_wconf 90' lang='lat' dir='ltr'><strong>et</strong></span> <span class='ocrx_word' id='word_1_52' title='bbox 382 664 499 703; x_wconf 46' lang='lat' dir='ltr'><strong>Titin4</strong></span> <span class='ocrx_word' id='word_1_53' title='bbox 526 663 599 713; x_wconf 84' lang='lat' dir='ltr'><strong>frg.</strong></span> <span class='ocrx_word' id='word_1_54' title='bbox 626 665 677 704; x_wconf 85' lang='lat'><strong>39</strong></span> <span class='ocrx_word' id='word_1_55' title='bbox 706 664 920 713; x_wconf 80' lang='lat' dir='ltr'><strong>Postquam</strong></span> <span class='ocrx_word' id='word_1_56' title='bbox 936 664 1071 712; x_wconf 77' lang='lat' dir='ltr'><strong>factus</strong></span> <span class='ocrx_word' id='word_1_57' title='bbox 1088 665 1267 711; x_wconf 82' lang='lat' dir='ltr'><strong>maritus,</strong></span> <span class='ocrx_word' id='word_1_58' title='bbox 1295 664 1369 703; x_wconf 76' lang='lat' dir='ltr'><strong>hac</strong></span> <span class='ocrx_word' id='word_1_59' title='bbox 1388 665 1497 703; x_wconf 89' lang='lat' dir='ltr'><strong>domo</strong></span> <span class='ocrx_word' id='word_1_60' title='bbox 1521 661 1525 666; x_wconf 78' lang='grc'><strong>’</strong></span> 
     </span>
     <span class='ocr_line' id='line_1_9' title="bbox 210 727 403 773; baseline 0 -8"><span class='ocrx_word' id='word_1_61' title='bbox 210 727 403 773; x_wconf 76' lang='lat' dir='ltr'><strong>abhorres,</strong></span> 
     </span>
    </p>

    <p class='ocr_par' dir='ltr' id='par_1_6' title="bbox 314 788 1497 839">
     <span class='ocr_line' id='line_1_10' title="bbox 314 788 1497 839; baseline -0.001 -11"><span class='ocrx_word' id='word_1_62' title='bbox 314 788 470 829; x_wconf 89' lang='lat' dir='ltr'><strong>minime</strong></span> <span class='ocrx_word' id='word_1_63' title='bbox 498 801 596 839; x_wconf 88' lang='lat' dir='ltr'><strong>opus</strong></span> <span class='ocrx_word' id='word_1_64' title='bbox 623 792 684 829; x_wconf 85' lang='lat' dir='ltr'><strong>est</strong></span> <span class='ocrx_word' id='word_1_65' title='bbox 710 788 881 829; x_wconf 82' lang='lat' dir='ltr'><strong>scribere</strong></span> <span class='ocrx_word' id='word_1_66' title='bbox 905 789 1061 839; x_wconf 82' lang='lat' dir='ltr'><strong>factu’s.</strong></span> <span class='ocrx_word' id='word_1_67' title='bbox 1107 789 1158 831; x_wconf 87' lang='lat' dir='ltr'><strong>Et</strong></span> <span class='ocrx_word' id='word_1_68' title='bbox 1185 793 1289 835; x_wconf 76' lang='lat' dir='ltr'><strong>recte</strong></span> <span class='ocrx_word' id='word_1_69' title='bbox 1317 788 1497 831; x_wconf 81' lang='lat' dir='ltr'><strong>sehabet</strong></span> 
     </span>
    </p>

    <p class='ocr_par' dir='ltr' id='par_1_7' title="bbox 214 851 1497 964">
     <span class='ocr_line' id='line_1_11' title="bbox 314 851 1497 903; baseline 0 -14"><span class='ocrx_word' id='word_1_70' title='bbox 314 852 454 899; x_wconf 88' lang='lat' dir='ltr'><strong>Amph.</strong></span> <span class='ocrx_word' id='word_1_71' title='bbox 481 863 515 891; x_wconf 76' lang='lat' dir='ltr'><strong>v,</strong></span> <span class='ocrx_word' id='word_1_72' title='bbox 546 852 645 891; x_wconf 82' lang='lat'><strong>1137</strong></span> <span class='ocrx_word' id='word_1_73' title='bbox 677 851 739 890; x_wconf 81' lang='lat' dir='ltr'><strong>Tu</strong></span> <span class='ocrx_word' id='word_1_74' title='bbox 763 852 968 903; x_wconf 75' lang='lat' dir='ltr'><strong>yravidam</strong></span> <span class='ocrx_word' id='word_1_75' title='bbox 1003 852 1095 891; x_wconf 87' lang='lat' dir='ltr'><strong>item</strong></span> <span class='ocrx_word' id='word_1_76' title='bbox 1119 852 1272 902; x_wconf 77' lang='lat' dir='ltr'><strong>fecisti,</strong></span> <span class='ocrx_word' id='word_1_77' title='bbox 1311 864 1425 901; x_wconf 80' lang='lat' dir='ltr'><strong>quom</strong></span> <span class='ocrx_word' id='word_1_78' title='bbox 1452 852 1497 889; x_wconf 77' lang='lat' dir='ltr'><strong>in</strong></span> 
     </span>
     <span class='ocr_line' id='line_1_12' title="bbox 214 914 1342 964; baseline -0.003 -10"><span class='ocrx_word' id='word_1_79' title='bbox 214 914 426 954; x_wconf 77' lang='lat' dir='ltr'><strong>exercitum</strong></span> <span class='ocrx_word' id='word_1_80' title='bbox 454 914 653 964; x_wconf 76' lang='lat' dir='ltr'><strong>Profectus</strong></span> <span class='ocrx_word' id='word_1_81' title='bbox 1340 961 1342 963; x_wconf 21' lang='grc' dir='ltr'>Ι</span> 
     </span>
    </p>

    <p class='ocr_par' dir='ltr' id='par_1_8' title="bbox 316 977 1495 1028">
     <span class='ocr_line' id='line_1_13' title="bbox 316 977 1495 1028; baseline -0.002 -11"><span class='ocrx_word' id='word_1_82' title='bbox 316 977 416 1017; x_wconf 88' lang='lat' dir='ltr'><strong>Rud.</strong></span> <span class='ocrx_word' id='word_1_83' title='bbox 436 988 470 1014; x_wconf 90' lang='lat' dir='ltr'><strong>v.</strong></span> <span class='ocrx_word' id='word_1_84' title='bbox 490 977 566 1017; x_wconf 85' lang='lat'><strong>847</strong></span> <span class='ocrx_word' id='word_1_85' title='bbox 587 978 772 1026; x_wconf 82' lang='lat' dir='ltr'><strong>quomad</strong></span> <span class='ocrx_word' id='word_1_86' title='bbox 787 990 846 1016; x_wconf 89' lang='lat' dir='ltr'><strong>me</strong></span> <span class='ocrx_word' id='word_1_87' title='bbox 857 979 1062 1028; x_wconf 83' lang='lat' dir='ltr'><strong>profectus</strong></span> <span class='ocrx_word' id='word_1_88' title='bbox 1079 978 1159 1025; x_wconf 89' lang='lat' dir='ltr'><strong>ire‚·</strong></span> <span class='ocrx_word' id='word_1_89' title='bbox 1187 978 1264 1016; x_wconf 86' lang='lat' dir='ltr'><strong>F1.:</strong></span> <span class='ocrx_word' id='word_1_90' title='bbox 1293 978 1387 1016; x_wconf 88' lang='lat' dir='ltr'><strong>-tu&#39;s</strong></span> <span class='ocrx_word' id='word_1_91' title='bbox 1405 977 1495 1024; x_wconf 84' lang='lat' dir='ltr'><strong>ires,</strong></span> 
     </span>
    </p>

    <p class='ocr_par' dir='ltr' id='par_1_9' title="bbox 210 1038 1497 1153">
     <span class='ocr_line' id='line_1_14' title="bbox 321 1038 1497 1090; baseline -0.001 -11"><span class='ocrx_word' id='word_1_92' title='bbox 321 1039 424 1079; x_wconf 85' lang='lat' dir='ltr'><strong>Sext.</strong></span> <span class='ocrx_word' id='word_1_93' title='bbox 453 1039 569 1088; x_wconf 82' lang='lat' dir='ltr'><strong>Turp.</strong></span> <span class='ocrx_word' id='word_1_94' title='bbox 598 1038 670 1089; x_wconf 84' lang='lat' dir='ltr'><strong>frg.</strong></span> <span class='ocrx_word' id='word_1_95' title='bbox 707 1039 784 1078; x_wconf 81' lang='lat'><strong>209</strong></span> <span class='ocrx_word' id='word_1_96' title='bbox 826 1038 923 1079; x_wconf 81' lang='lat' dir='ltr'><strong>Cum</strong></span> <span class='ocrx_word' id='word_1_97' title='bbox 949 1041 1102 1079; x_wconf 74' lang='lat' dir='ltr'><strong>interea</strong></span> <span class='ocrx_word' id='word_1_98' title='bbox 1128 1040 1190 1079; x_wconf 76' lang='lat' dir='ltr'><strong>nil</strong></span> <span class='ocrx_word' id='word_1_99' title='bbox 1221 1040 1430 1090; x_wconf 80' lang='lat' dir='ltr'><strong>quicquam</strong></span> <span class='ocrx_word' id='word_1_100' title='bbox 1470 1053 1497 1078; x_wconf 86' lang='lat' dir='ltr'><strong>a</strong></span> 
     </span>
     <span class='ocr_line' id='line_1_15' title="bbox 210 1102 1033 1153; baseline 0 -11"><span class='ocrx_word' id='word_1_101' title='bbox 210 1116 270 1142; x_wconf 85' lang='lat' dir='ltr'><strong>me</strong></span> <span class='ocrx_word' id='word_1_102' title='bbox 295 1102 463 1152; x_wconf 90' lang='lat' dir='ltr'><strong>adeptus</strong></span> <span class='ocrx_word' id='word_1_103' title='bbox 481 1103 640 1152; x_wconf 86' lang='lat' dir='ltr'><strong>praemi</strong></span> <span class='ocrx_word' id='word_1_104' title='bbox 665 1115 736 1142; x_wconf 78' lang='lat' dir='ltr'><strong>nec</strong></span> <span class='ocrx_word' id='word_1_105' title='bbox 759 1103 916 1153; x_wconf 81' lang='lat' dir='ltr'><strong>fructus</strong></span> <span class='ocrx_word' id='word_1_106' title='bbox 942 1106 1033 1142; x_wconf 89' lang='lat' dir='ltr'><strong>tuae</strong></span> 
     </span>
    </p>

    <p class='ocr_par' dir='ltr' id='par_1_10' title="bbox 213 1165 1493 1280">
     <span class='ocr_line' id='line_1_16' title="bbox 316 1165 1493 1217; baseline -0.002 -12"><span class='ocrx_word' id='word_1_107' title='bbox 316 1166 585 1217; x_wconf 75' lang='lat' dir='ltr'><strong>Beniyriitatis</strong></span> <span class='ocrx_word' id='word_1_108' title='bbox 624 1169 741 1216; x_wconf 83' lang='lat' dir='ltr'><strong>atque</strong></span> <span class='ocrx_word' id='word_1_109' title='bbox 775 1166 944 1216; x_wconf 75' lang='lat' dir='ltr'><strong>obsequii</strong></span> <span class='ocrx_word' id='word_1_110' title='bbox 969 1188 1032 1213; x_wconf 90' lang='lat'><strong>—,</strong></span> <span class='ocrx_word' id='word_1_111' title='bbox 1060 1166 1127 1205; x_wconf 92' lang='lat' dir='ltr'><strong>ubi</strong></span> <span class='ocrx_word' id='word_1_112' title='bbox 1164 1166 1255 1206; x_wconf 90' lang='lat' dir='ltr'><strong>libri</strong></span> <span class='ocrx_word' id='word_1_113' title='bbox 1295 1165 1394 1205; x_wconf 87' lang='lat' dir='ltr'><strong>falso</strong></span> <span class='ocrx_word' id='word_1_114' title='bbox 1424 1166 1493 1204; x_wconf 86' lang='lat' dir='ltr'><strong>ad-</strong></span> 
     </span>
     <span class='ocr_line' id='line_1_17' title="bbox 213 1228 1430 1280; baseline -0.001 -13"><span class='ocrx_word' id='word_1_115' title='bbox 213 1229 312 1268; x_wconf 91' lang='lat' dir='ltr'><strong>dunt</strong></span> <span class='ocrx_word' id='word_1_116' title='bbox 337 1231 416 1276; x_wconf 88' lang='lat' dir='ltr'><strong>est;</strong></span> <span class='ocrx_word' id='word_1_117' title='bbox 442 1229 501 1280; x_wconf 83' lang='lat' dir='ltr'><strong>u’s</strong></span> <span class='ocrx_word' id='word_1_118' title='bbox 526 1228 675 1268; x_wconf 84' lang='lat' dir='ltr'><strong>formae</strong></span> <span class='ocrx_word' id='word_1_119' title='bbox 701 1228 835 1278; x_wconf 89' lang='lat' dir='ltr'><strong>utique</strong></span> <span class='ocrx_word' id='word_1_120' title='bbox 861 1228 925 1269; x_wconf 87' lang='lat' dir='ltr'><strong>hic</strong></span> <span class='ocrx_word' id='word_1_121' title='bbox 952 1233 1011 1269; x_wconf 84' lang='lat' dir='ltr'><strong>est</strong></span> <span class='ocrx_word' id='word_1_122' title='bbox 1037 1229 1185 1268; x_wconf 90' lang='lat' dir='ltr'><strong>nullum</strong></span> <span class='ocrx_word' id='word_1_123' title='bbox 1212 1229 1430 1278; x_wconf 86' lang='lat' dir='ltr'><strong>vestigium.</strong></span> 
     </span>
    </p>

    <p class='ocr_par' dir='ltr' id='par_1_11' title="bbox 314 1291 1493 1342">
     <span class='ocr_line' id='line_1_18' title="bbox 314 1291 1493 1342; baseline -0.002 -11"><span class='ocrx_word' id='word_1_124' title='bbox 314 1291 415 1331; x_wconf 85' lang='lat' dir='ltr'><strong>Rud.</strong></span> <span class='ocrx_word' id='word_1_125' title='bbox 437 1302 472 1330; x_wconf 84' lang='lat' dir='ltr'><strong>v,</strong></span> <span class='ocrx_word' id='word_1_126' title='bbox 490 1292 589 1330; x_wconf 84' lang='lat'>1234</span> <span class='ocrx_word' id='word_1_127' title='bbox 608 1292 682 1330; x_wconf 75' lang='lat' dir='ltr'><strong>isto</strong></span> <span class='ocrx_word' id='word_1_128' title='bbox 701 1292 775 1330; x_wconf 89' lang='lat' dir='ltr'><strong>tu&#39;s</strong></span> <span class='ocrx_word' id='word_1_129' title='bbox 788 1304 956 1341; x_wconf 89' lang='lat' dir='ltr'><strong>pauper,</strong></span> <span class='ocrx_word' id='word_1_130' title='bbox 976 1305 1089 1342; x_wconf 84' lang='lat' dir='ltr'><strong>quom</strong></span> <span class='ocrx_word' id='word_1_131' title='bbox 1106 1293 1224 1332; x_wconf 77' lang='lat' dir='ltr'><strong>nimis</strong></span> <span class='ocrx_word' id='word_1_132' title='bbox 1237 1295 1373 1331; x_wconf 76' lang='lat' dir='ltr'><strong>sancte</strong></span> <span class='ocrx_word' id='word_1_133' title='bbox 1385 1292 1493 1341; x_wconf 90' lang='lat' dir='ltr'><strong>pius.</strong></span> 
     </span>
    </p>

    <p class='ocr_par' dir='ltr' id='par_1_12' title="bbox 318 1354 1349 1403">
     <span class='ocr_line' id='line_1_19' title="bbox 318 1354 1349 1403; baseline -0.001 -10"><span class='ocrx_word' id='word_1_134' title='bbox 318 1354 370 1393; x_wconf 88' lang='lat' dir='ltr'><strong>Et</strong></span> <span class='ocrx_word' id='word_1_135' title='bbox 397 1358 442 1393; x_wconf 89' lang='lat' dir='ltr'><strong>ut</strong></span> <span class='ocrx_word' id='word_1_136' title='bbox 468 1366 587 1403; x_wconf 86' lang='lat' dir='ltr'><strong>supra</strong></span> <span class='ocrx_word' id='word_1_137' title='bbox 614 1354 690 1393; x_wconf 91' lang='lat' dir='ltr'><strong>iam</strong></span> <span class='ocrx_word' id='word_1_138' title='bbox 718 1354 886 1394; x_wconf 82' lang='lat' dir='ltr'><strong>vidimus</strong></span> <span class='ocrx_word' id='word_1_139' title='bbox 912 1358 1017 1394; x_wconf 86' lang='lat' dir='ltr'><strong>recte</strong></span> <span class='ocrx_word' id='word_1_140' title='bbox 1046 1355 1235 1393; x_wconf 85' lang='lat' dir='ltr'><strong>traditum</strong></span> <span class='ocrx_word' id='word_1_141' title='bbox 1265 1366 1349 1394; x_wconf 87' lang='lat' dir='ltr'><strong>esse</strong></span> 
     </span>
    </p>

    <p class='ocr_par' dir='ltr' id='par_1_13' title="bbox 208 1417 1493 1531">
     <span class='ocr_line' id='line_1_20' title="bbox 312 1417 1493 1466; baseline -0.001 -10"><span class='ocrx_word' id='word_1_142' title='bbox 312 1417 425 1466; x_wconf 88' lang='lat' dir='ltr'><strong>Epid.</strong></span> <span class='ocrx_word' id='word_1_143' title='bbox 453 1429 487 1455; x_wconf 92' lang='lat' dir='ltr'><strong>v.</strong></span> <span class='ocrx_word' id='word_1_144' title='bbox 515 1417 593 1456; x_wconf 86' lang='lat'><strong>596</strong></span> <span class='ocrx_word' id='word_1_145' title='bbox 637 1417 741 1466; x_wconf 86' lang='lat' dir='ltr'><strong>Quid</strong></span> <span class='ocrx_word' id='word_1_146' title='bbox 768 1417 811 1455; x_wconf 85' lang='lat' dir='ltr'><strong>ob</strong></span> <span class='ocrx_word' id='word_1_147' title='bbox 839 1429 924 1456; x_wconf 88' lang='lat' dir='ltr'><strong>eam</strong></span> <span class='ocrx_word' id='word_1_148' title='bbox 950 1430 1031 1456; x_wconf 86' lang='lat' dir='ltr'><strong>rem</strong></span> <span class='ocrx_word' id='word_1_149' title='bbox 1057 1418 1188 1456; x_wconf 78' lang='lat' dir='ltr'><strong>istanc</strong></span> <span class='ocrx_word' id='word_1_150' title='bbox 1216 1418 1359 1464; x_wconf 85' lang='lat' dir='ltr'><strong>emisti,</strong></span> <span class='ocrx_word' id='word_1_151' title='bbox 1387 1417 1493 1466; x_wconf 70' lang='lat' dir='ltr'><strong>quia</strong></span> 
     </span>
     <span class='ocr_line' id='line_1_21' title="bbox 208 1479 673 1531; baseline 0 -12"><span class='ocrx_word' id='word_1_152' title='bbox 208 1482 317 1519; x_wconf 85' lang='lat' dir='ltr'><strong>tuam</strong></span> <span class='ocrx_word' id='word_1_153' title='bbox 341 1483 504 1531; x_wconf 64' lang='lat' dir='ltr'><strong>gnatam</strong></span> <span class='ocrx_word' id='word_1_154' title='bbox 529 1479 673 1519; x_wconf 74' lang='lat' dir='ltr'><strong>ratus?</strong></span> 
     </span>
    </p>

    <p class='ocr_par' dir='ltr' id='par_1_14' title="bbox 209 1541 1492 1655">
     <span class='ocr_line' id='line_1_22' title="bbox 311 1541 1492 1592; baseline 0 -12"><span class='ocrx_word' id='word_1_155' title='bbox 311 1542 366 1581; x_wconf 88' lang='lat' dir='ltr'><strong>sic</strong></span> <span class='ocrx_word' id='word_1_156' title='bbox 393 1542 497 1580; x_wconf 91' lang='lat' dir='ltr'><strong>Trin.</strong></span> <span class='ocrx_word' id='word_1_157' title='bbox 526 1554 560 1581; x_wconf 87' lang='lat' dir='ltr'><strong>v.</strong></span> <span class='ocrx_word' id='word_1_158' title='bbox 582 1541 682 1580; x_wconf 89' lang='grc'>1165</span> <span class='ocrx_word' id='word_1_159' title='bbox 712 1542 818 1591; x_wconf 82' lang='lat' dir='ltr'><strong>Quid</strong></span> <span class='ocrx_word' id='word_1_160' title='bbox 843 1554 909 1592; x_wconf 72' lang='lat' dir='ltr'><strong>eqo</strong></span> <span class='ocrx_word' id='word_1_161' title='bbox 933 1542 1042 1591; x_wconf 74' lang='lat' dir='ltr'><strong>feci?</strong></span> <span class='ocrx_word' id='word_1_162' title='bbox 1069 1554 1096 1581; x_wconf 76' lang='lat' dir='ltr'><strong>:z</strong></span> <span class='ocrx_word' id='word_1_163' title='bbox 1125 1543 1264 1581; x_wconf 88' lang='lat' dir='ltr'><strong>Meum</strong></span> <span class='ocrx_word' id='word_1_164' title='bbox 1293 1542 1492 1591; x_wconf 86' lang='lat' dir='ltr'><strong>corrumpi</strong></span> 
     </span>
     <span class='ocr_line' id='line_1_23' title="bbox 209 1605 698 1655; baseline 0 -11"><span class='ocrx_word' id='word_1_165' title='bbox 209 1605 305 1655; x_wconf 82' lang='lat' dir='ltr'><strong>quia</strong></span> <span class='ocrx_word' id='word_1_166' title='bbox 324 1617 539 1655; x_wconf 78' lang='lat' dir='ltr'><strong>perpessus</strong></span> <span class='ocrx_word' id='word_1_167' title='bbox 563 1605 698 1655; x_wconf 77' lang='lat' dir='ltr'><strong>filiam.</strong></span> 
     </span>
    </p>

    <p class='ocr_par' dir='ltr' id='par_1_15' title="bbox 207 1667 1493 1971">
     <span class='ocr_line' id='line_1_24' title="bbox 311 1667 1492 1718; baseline 0 -11"><span class='ocrx_word' id='word_1_168' title='bbox 311 1680 433 1717; x_wconf 87' lang='lat' dir='ltr'><strong>neque</strong></span> <span class='ocrx_word' id='word_1_169' title='bbox 471 1667 610 1716; x_wconf 91' lang='lat' dir='ltr'><strong>Amph.</strong></span> <span class='ocrx_word' id='word_1_170' title='bbox 647 1679 682 1705; x_wconf 77' lang='lat' dir='ltr'><strong>v,</strong></span> <span class='ocrx_word' id='word_1_171' title='bbox 710 1668 787 1706; x_wconf 83' lang='lat'><strong>379</strong></span> <span class='ocrx_word' id='word_1_172' title='bbox 830 1669 934 1717; x_wconf 88' lang='lat' dir='ltr'><strong>Quia</strong></span> <span class='ocrx_word' id='word_1_173' title='bbox 978 1669 1230 1718; x_wconf 78' lang='lat' dir='ltr'><strong>vaniloquos,</strong></span> <span class='ocrx_word' id='word_1_174' title='bbox 1281 1669 1492 1718; x_wconf 83' lang='lat' dir='ltr'><strong>vapulabis</strong></span> 
     </span>
     <span class='ocr_line' id='line_1_25' title="bbox 208 1729 1493 1780; baseline 0.002 -12"><span class='ocrx_word' id='word_1_175' title='bbox 208 1730 323 1769; x_wconf 87' lang='lat' dir='ltr'><strong>aliter</strong></span> <span class='ocrx_word' id='word_1_176' title='bbox 360 1741 402 1770; x_wconf 91' lang='lat' dir='ltr'><strong>se</strong></span> <span class='ocrx_word' id='word_1_177' title='bbox 437 1729 577 1779; x_wconf 87' lang='lat' dir='ltr'><strong>habet,</strong></span> <span class='ocrx_word' id='word_1_178' title='bbox 615 1740 730 1778; x_wconf 87' lang='lat' dir='ltr'><strong>quam</strong></span> <span class='ocrx_word' id='word_1_179' title='bbox 772 1730 833 1769; x_wconf 86' lang='lat' dir='ltr'><strong>ad.</strong></span> <span class='ocrx_word' id='word_1_180' title='bbox 852 1730 936 1780; x_wconf 67' lang='lat' dir='ltr'><strong>Att</strong></span> <span class='ocrx_word' id='word_1_181' title='bbox 961 1731 992 1778; x_wconf 90' lang='grc' dir='ltr'><strong>Ι,</strong></span> <span class='ocrx_word' id='word_1_182' title='bbox 1021 1730 1082 1779; x_wconf 81' lang='grc'><strong>24,</strong></span> <span class='ocrx_word' id='word_1_183' title='bbox 1108 1732 1135 1771; x_wconf 83' lang='grc'>6</span> <span class='ocrx_word' id='word_1_184' title='bbox 1176 1731 1241 1771; x_wconf 88' lang='lat' dir='ltr'><strong>ille</strong></span> <span class='ocrx_word' id='word_1_185' title='bbox 1277 1731 1377 1770; x_wconf 88' lang='lat' dir='ltr'><strong>alter</strong></span> <span class='ocrx_word' id='word_1_186' title='bbox 1413 1744 1493 1770; x_wconf 77' lang='lat' dir='ltr'><strong>uno</strong></span> 
     </span>
     <span class='ocr_line' id='line_1_26' title="bbox 208 1793 1493 1843; baseline 0.001 -12"><span class='ocrx_word' id='word_1_187' title='bbox 208 1794 301 1832; x_wconf 80' lang='lat' dir='ltr'><strong>vitio</strong></span> <span class='ocrx_word' id='word_1_188' title='bbox 319 1795 450 1832; x_wconf 78' lang='lat' dir='ltr'><strong>minus</strong></span> <span class='ocrx_word' id='word_1_189' title='bbox 470 1793 642 1839; x_wconf 89' lang='lat' dir='ltr'><strong>vitiosus,</strong></span> <span class='ocrx_word' id='word_1_190' title='bbox 672 1794 775 1841; x_wconf 81' lang='lat' dir='ltr'><strong>quod</strong></span> <span class='ocrx_word' id='word_1_191' title='bbox 792 1794 908 1840; x_wconf 74' lang='lat' dir='ltr'><strong>iners,</strong></span> <span class='ocrx_word' id='word_1_192' title='bbox 938 1795 1041 1842; x_wconf 81' lang='lat' dir='ltr'><strong>quod</strong></span> <span class='ocrx_word' id='word_1_193' title='bbox 1058 1796 1183 1832; x_wconf 74' lang='lat' dir='ltr'><strong>somni</strong></span> <span class='ocrx_word' id='word_1_194' title='bbox 1203 1794 1360 1843; x_wconf 76' lang='lat' dir='ltr'><strong>plenus,</strong></span> <span class='ocrx_word' id='word_1_195' title='bbox 1390 1794 1493 1843; x_wconf 80' lang='lat' dir='ltr'><strong>quod</strong></span> 
     </span>
     <span class='ocr_line' id='line_1_27' title="bbox 208 1849 1490 1905; baseline 0 -10"><span class='ocrx_word' id='word_1_196' title='bbox 208 1856 427 1905; x_wconf 88' lang='lat' dir='ltr'><strong>imperitus,</strong></span> <span class='ocrx_word' id='word_1_197' title='bbox 455 1855 559 1905; x_wconf 83' lang='lat' dir='ltr'><strong>quod</strong></span> <span class='ocrx_word' id='word_1_198' title='bbox 585 1849 911 1904; x_wconf 80' lang='grc' dir='ltr'><strong><em>ἀπρακτότατος,·</em></strong></span> <span class='ocrx_word' id='word_1_199' title='bbox 950 1856 1018 1895; x_wconf 89' lang='lat' dir='ltr'><strong>sed</strong></span> <span class='ocrx_word' id='word_1_200' title='bbox 1044 1856 1242 1896; x_wconf 77' lang='lat' dir='ltr'><strong>voluntate</strong></span> <span class='ocrx_word' id='word_1_201' title='bbox 1268 1857 1327 1895; x_wconf 92' lang='lat' dir='ltr'><strong>ita</strong></span> <span class='ocrx_word' id='word_1_202' title='bbox 1353 1854 1490 1904; x_wconf 78' lang='grc' dir='ltr'><strong><em>καχνέ-</em></strong></span> 
     </span>
     <span class='ocr_line' id='line_1_28' title="bbox 207 1919 723 1971; baseline -0.002 -13"><span class='ocrx_word' id='word_1_203' title='bbox 207 1932 293 1971; x_wconf 76' lang='grc' dir='ltr'><strong><em>της,</em></strong></span> <span class='ocrx_word' id='word_1_204' title='bbox 322 1922 367 1958; x_wconf 88' lang='lat' dir='ltr'><strong>ut</strong></span> <span class='ocrx_word' id='word_1_205' title='bbox 394 1919 517 1958; x_wconf 89' lang='lat' dir='ltr'><strong>odisse</strong></span> <span class='ocrx_word' id='word_1_206' title='bbox 546 1919 723 1968; x_wconf 89' lang='lat' dir='ltr'><strong>coeperit.</strong></span> 
     </span>
    </p>

    <p class='ocr_par' dir='ltr' id='par_1_16' title="bbox 208 1981 1492 2158">
     <span class='ocr_line' id='line_1_29' title="bbox 312 1981 1492 2021; baseline 0.001 -1"><span class='ocrx_word' id='word_1_207' title='bbox 312 1981 391 2020; x_wconf 91' lang='lat' dir='ltr'><strong>Mil.</strong></span> <span class='ocrx_word' id='word_1_208' title='bbox 421 1992 456 2020; x_wconf 80' lang='lat' dir='ltr'><strong>v,</strong></span> <span class='ocrx_word' id='word_1_209' title='bbox 484 1981 560 2020; x_wconf 89' lang='grc'><strong>322</strong></span> <span class='ocrx_word' id='word_1_210' title='bbox 590 1981 743 2020; x_wconf 86' lang='lat' dir='ltr'><strong>Mirum</strong></span> <span class='ocrx_word' id='word_1_211' title='bbox 778 1981 867 2020; x_wconf 90' lang='lat' dir='ltr'><strong>lolio</strong></span> <span class='ocrx_word' id='word_1_212' title='bbox 893 1981 1071 2020; x_wconf 72' lang='lat' dir='ltr'><strong>victitare</strong></span> <span class='ocrx_word' id='word_1_213' title='bbox 1100 1984 1134 2021; x_wconf 89' lang='lat' dir='ltr'><strong>te</strong></span> <span class='ocrx_word' id='word_1_214' title='bbox 1162 1985 1242 2020; x_wconf 85' lang='lat' dir='ltr'><strong>tam</strong></span> <span class='ocrx_word' id='word_1_215' title='bbox 1268 1982 1336 2021; x_wconf 84' lang='lat' dir='ltr'><strong>vili</strong></span> <span class='ocrx_word' id='word_1_216' title='bbox 1364 1983 1492 2021; x_wconf 89' lang='lat' dir='ltr'><strong>tritico</strong></span> 
     </span>
     <span class='ocr_line' id='line_1_30' title="bbox 210 2044 1491 2095; baseline 0.001 -12"><span class='ocrx_word' id='word_1_217' title='bbox 210 2045 316 2094; x_wconf 91' lang='lat' dir='ltr'><strong>Quid</strong></span> <span class='ocrx_word' id='word_1_218' title='bbox 358 2044 468 2083; x_wconf 74' lang='lat' dir='ltr'><strong>iam?</strong></span> <span class='ocrx_word' id='word_1_219' title='bbox 504 2056 529 2083; x_wconf 91' lang='lat'><strong>::</strong></span> <span class='ocrx_word' id='word_1_220' title='bbox 568 2045 662 2094; x_wconf 78' lang='lat' dir='ltr'><strong>quia</strong></span> <span class='ocrx_word' id='word_1_221' title='bbox 708 2044 939 2084; x_wconf 84' lang='lat' dir='ltr'><strong>luscitiosus.</strong></span> <span class='ocrx_word' id='word_1_222' title='bbox 977 2057 1004 2084; x_wconf 79' lang='lat'><strong>1:</strong></span> <span class='ocrx_word' id='word_1_223' title='bbox 1048 2045 1230 2093; x_wconf 84' lang='lat' dir='ltr'><strong>Verbero,</strong></span> <span class='ocrx_word' id='word_1_224' title='bbox 1270 2045 1404 2095; x_wconf 83' lang='lat' dir='ltr'><strong>edepol</strong></span> <span class='ocrx_word' id='word_1_225' title='bbox 1448 2048 1491 2084; x_wconf 93' lang='lat' dir='ltr'><strong>tu</strong></span> 
     </span>
     <span class='ocr_line' id='line_1_31' title="bbox 208 2109 363 2158; baseline 0 -11"><span class='ocrx_word' id='word_1_226' title='bbox 208 2109 363 2158; x_wconf 81' lang='lat' dir='ltr'><strong>quidem</strong></span> 
     </span>
    </p>

    <p class='ocr_par' dir='ltr' id='par_1_17' title="bbox 318 2169 833 2218">
     <span class='ocr_line' id='line_1_32' title="bbox 318 2169 833 2218; baseline -0.002 -8"><span class='ocrx_word' id='word_1_227' title='bbox 318 2169 477 2218; x_wconf 83' lang='lat' dir='ltr'><strong>Caecus,</strong></span> <span class='ocrx_word' id='word_1_228' title='bbox 505 2184 583 2209; x_wconf 77' lang='lat' dir='ltr'><strong>uon</strong></span> <span class='ocrx_word' id='word_1_229' title='bbox 611 2171 833 2210; x_wconf 87' lang='lat' dir='ltr'><strong>luscitiosus</strong></span> 
     </span>
    </p>

    <p class='ocr_par' dir='ltr' id='par_1_18' title="bbox 207 2232 1489 2346">
     <span class='ocr_line' id='line_1_33' title="bbox 313 2232 1489 2283; baseline 0 -10"><span class='ocrx_word' id='word_1_230' title='bbox 313 2233 454 2274; x_wconf 86' lang='lat' dir='ltr'><strong>Pseud.</strong></span> <span class='ocrx_word' id='word_1_231' title='bbox 484 2245 518 2272; x_wconf 82' lang='lat' dir='ltr'><strong>V.</strong></span> <span class='ocrx_word' id='word_1_232' title='bbox 546 2233 623 2272; x_wconf 87' lang='grc'><strong>244</strong></span> <span class='ocrx_word' id='word_1_233' title='bbox 650 2232 754 2272; x_wconf 86' lang='lat' dir='ltr'><strong>Redi</strong></span> <span class='ocrx_word' id='word_1_234' title='bbox 790 2236 827 2273; x_wconf 89' lang='lat' dir='ltr'><strong>et</strong></span> <span class='ocrx_word' id='word_1_235' title='bbox 851 2234 1000 2283; x_wconf 86' lang='lat' dir='ltr'><strong>respice</strong></span> <span class='ocrx_word' id='word_1_236' title='bbox 1041 2235 1096 2273; x_wconf 86' lang='lat' dir='ltr'><strong>ad</strong></span> <span class='ocrx_word' id='word_1_237' title='bbox 1121 2248 1214 2274; x_wconf 71' lang='lat' dir='ltr'><strong>rios:</strong></span> <span class='ocrx_word' id='word_1_238' title='bbox 1251 2235 1403 2273; x_wconf 85' lang='lat' dir='ltr'><strong>tametsi</strong></span> <span class='ocrx_word' id='word_1_239' title='bbox 1430 2247 1489 2273; x_wconf 89' lang='lat' dir='ltr'><strong>oc-</strong></span> 
     </span>
     <span class='ocr_line' id='line_1_34' title="bbox 207 2297 788 2346; baseline -0.002 -10"><span class='ocrx_word' id='word_1_240' title='bbox 207 2299 386 2346; x_wconf 87' lang='lat' dir='ltr'><strong>cupatus,</strong></span> <span class='ocrx_word' id='word_1_241' title='bbox 414 2297 635 2344; x_wconf 85' lang='lat' dir='ltr'><strong>Moramur,</strong></span> <span class='ocrx_word' id='word_1_242' title='bbox 663 2309 788 2335; x_wconf 73' lang='lat' dir='ltr'><strong>marie.</strong></span> 
     </span>
    </p>

    <p class='ocr_par' dir='ltr' id='par_1_19' title="bbox 207 2359 1490 2536">
     <span class='ocr_line' id='line_1_35' title="bbox 312 2359 1488 2410; baseline 0 -13"><span class='ocrx_word' id='word_1_243' title='bbox 312 2360 367 2398; x_wconf 87' lang='lat' dir='ltr'><strong>sic</strong></span> <span class='ocrx_word' id='word_1_244' title='bbox 405 2371 477 2409; x_wconf 87' lang='lat' dir='ltr'><strong>ego</strong></span> <span class='ocrx_word' id='word_1_245' title='bbox 504 2360 766 2406; x_wconf 82' lang='lat' dir='ltr'><strong>distinxerim,</strong></span> <span class='ocrx_word' id='word_1_246' title='bbox 807 2363 850 2398; x_wconf 91' lang='lat' dir='ltr'><strong>ut</strong></span> <span class='ocrx_word' id='word_1_247' title='bbox 887 2363 1099 2410; x_wconf 88' lang='lat' dir='ltr'><strong>occupatus</strong></span> <span class='ocrx_word' id='word_1_248' title='bbox 1133 2360 1257 2409; x_wconf 82' lang='lat' dir='ltr'><strong>magis</strong></span> <span class='ocrx_word' id='word_1_249' title='bbox 1293 2359 1488 2409; x_wconf 81' lang='lat' dir='ltr'><strong>pertineat</strong></span> 
     </span>
     <span class='ocr_line' id='line_1_36' title="bbox 207 2422 1490 2472; baseline 0 -12"><span class='ocrx_word' id='word_1_250' title='bbox 207 2422 257 2460; x_wconf 84' lang='lat' dir='ltr'><strong>ad</strong></span> <span class='ocrx_word' id='word_1_251' title='bbox 284 2435 401 2461; x_wconf 76' lang='lat' dir='ltr'><strong>mane</strong></span> <span class='ocrx_word' id='word_1_252' title='bbox 426 2422 713 2471; x_wconf 87' lang='lat' dir='ltr'><strong>imperativum,</strong></span> <span class='ocrx_word' id='word_1_253' title='bbox 741 2426 785 2461; x_wconf 89' lang='lat' dir='ltr'><strong>ut</strong></span> <span class='ocrx_word' id='word_1_254' title='bbox 813 2422 877 2461; x_wconf 90' lang='lat' dir='ltr'><strong>hic</strong></span> <span class='ocrx_word' id='word_1_255' title='bbox 895 2434 1046 2472; x_wconf 87' lang='lat' dir='ltr'><strong>quoque</strong></span> <span class='ocrx_word' id='word_1_256' title='bbox 1073 2423 1180 2462; x_wconf 90' lang='lat' dir='ltr'><strong>locus</strong></span> <span class='ocrx_word' id='word_1_257' title='bbox 1207 2422 1309 2460; x_wconf 91' lang='lat' dir='ltr'><strong>illius</strong></span> <span class='ocrx_word' id='word_1_258' title='bbox 1336 2422 1490 2470; x_wconf 87' lang='lat' dir='ltr'><strong>generis</strong></span> 
     </span>
     <span class='ocr_line' id='line_1_37' title="bbox 207 2483 1237 2536; baseline 0.001 -14"><span class='ocrx_word' id='word_1_259' title='bbox 207 2483 271 2533; x_wconf 87' lang='lat' dir='ltr'><strong>sit,</strong></span> <span class='ocrx_word' id='word_1_260' title='bbox 300 2485 409 2524; x_wconf 89' lang='lat' dir='ltr'><strong>cuius</strong></span> <span class='ocrx_word' id='word_1_261' title='bbox 437 2485 561 2524; x_wconf 87' lang='lat' dir='ltr'><strong>multa</strong></span> <span class='ocrx_word' id='word_1_262' title='bbox 588 2484 794 2525; x_wconf 82' lang='lat' dir='ltr'><strong>attulimus</strong></span> <span class='ocrx_word' id='word_1_263' title='bbox 821 2485 998 2536; x_wconf 85' lang='lat' dir='ltr'><strong>exempla</strong></span> <span class='ocrx_word' id='word_1_264' title='bbox 1024 2498 1063 2536; x_wconf 90' lang='lat' dir='ltr'><strong>p.</strong></span> <span class='ocrx_word' id='word_1_265' title='bbox 1090 2486 1152 2525; x_wconf 84' lang='lat'><strong>32.</strong></span> <span class='ocrx_word' id='word_1_266' title='bbox 1181 2497 1237 2535; x_wconf 86' lang='lat' dir='ltr'><strong>sq.</strong></span> 
     </span>
    </p>
   </div>
  </div>
 </body>
</html>
