1776 2893
802 162 1061 202 ..46—

287 270 402 312 sunt,
440 266 508 307 ubi
546 280 586 307 es
622 269 712 317 post
740 280 807 308 -us
833 267 1005 307 traditur
1042 270 1084 308 et
1110 265 1184 307 viri
1222 265 1326 306 docti
1355 269 1583 308 statuerunt

287 330 362 369 has
389 331 565 381 syllabas
593 331 633 370 in
659 342 776 370 unam
805 331 1021 372 coalescere
1048 331 1210 371 debere:

393 394 498 433 Trin.
517 405 553 433 v.
573 392 650 433 985
681 394 809 443 Quam
828 394 985 433 obrem?
1012 406 1039 433 :z
1071 394 1174 443 Quia
1191 393 1303 433 illum
1322 406 1434 443 quem
1453 406 1579 433 emen-

287 457 382 496 titus
420 469 459 495 es
483 458 488 506 Ι
513 468 580 507 eyo
617 469 704 495 sum
731 457 844 506 ipsus
886 454 1125 496 Charmides.
1166 456 1229 495 Sic
1264 467 1420 495 versum
1455 457 1502 495 R.
1538 457 1576 496 in

289 519 462 557 editione
499 519 629 568 prima
665 519 703 558 in
741 523 891 558 textum
921 519 1067 568 recepit
1094 522 1212 568 atque
1239 519 1289 557 de
1316 518 1388 557 hac
1416 529 1579 558 caesura

286 581 530 628 secundaria,
550 592 649 629 quae
668 585 729 620 est
748 585 839 630 post
856 581 1032 630 quintam
1052 582 1185 629 arsim,
1212 582 1293 629 egit
1312 580 1414 619 Prol.
1433 592 1471 630 p.
1491 581 1579 619 274.

290 643 386 682 Cum
407 646 538 682 autem
567 643 709 682 iterum
730 644 863 682 ederet
883 644 982 682 hanc
1001 642 1187 692 fabulam,
1214 654 1307 682 usus
1326 647 1387 683 est
1405 642 1580 683 Fleckei-

288 707 370 746 seni
399 708 624 746 coniectura
651 707 858 746 scribentis
886 708 1092 745 ementitus
1119 708 1165 753 is,
1193 718 1292 755 quae
1319 711 1425 746 certe
1453 718 1577 756 neque

291 769 512 809 necessaria
540 772 600 808 est
634 772 675 808 et
712 773 803 820 post
827 769 941 809 illum
967 769 1087 809 etiam
1125 770 1161 809 is
1188 780 1397 820 pronomen
1426 779 1511 808 cum
1540 769 1580 808 vi

286 833 457 882 quadam
495 832 582 872 acui
612 832 707 871 mihi
743 832 906 872 nimium
940 832 1098 871 videtur
1137 845 1232 872 esse.
1286 833 1432 871 Verum
1459 832 1579 871 enim-

285 907 378 934 vero
407 895 440 934 si
481 895 740 944 amplecterer
775 896 876 935 hanc
903 895 1180 944 mutationem,
1220 895 1398 945 equidem
1427 893 1580 933 facilius

290 958 501 997 scriberem
521 959 726 997 ementitus
744 959 779 997 is
798 961 949 997 mutato
977 971 1016 997 es
1043 958 1082 997 in
1110 959 1157 1006 is,
1185 961 1225 997 et
1253 971 1292 997 es
1311 957 1416 997 verbi
1443 957 1577 997 omissi

288 1022 392 1069 apud
414 1020 631 1068 perfectum
660 1022 865 1059 ementitus
892 1032 1012 1070 supra
1039 1021 1155 1059 attuli
1185 1021 1361 1069 exempla
1388 1023 1429 1059 et
1457 1020 1581 1058 multa

285 1082 431 1122 similia
458 1082 512 1133 (p.
542 1083 593 1123 26
621 1086 661 1122 et
688 1083 768 1134 38).
825 1083 984 1123 Minime
1011 1095 1103 1123 vero
1122 1083 1195 1122 hoc
1222 1083 1306 1122 loco
1332 1082 1456 1132 primo
1484 1081 1579 1121 scri-

285 1146 416 1185 berem
455 1146 537 1185 sine
573 1145 652 1184 ulla
681 1147 913 1185 necessitate
941 1148 1029 1193 -u’s‚
1065 1146 1246 1194 quoniam
1282 1145 1410 1184 adhuc
1441 1145 1580 1191 nescio,

290 1220 381 1246 num
410 1208 507 1246 haec
534 1219 705 1256 unquam
734 1209 929 1248 exstiterit
958 1208 1208 1260 synaloepha.
1263 1208 1427 1247 Prorsus
1454 1206 1580 1245 simile

284 1271 378 1319 quid
407 1270 575 1311 occurrit

390 1334 495 1373 Trin.
525 1346 559 1373 v,
587 1335 636 1374 97
642 1335 663 1373 7
692 1334 819 1373 Proin
848 1338 929 1375 tute
955 1336 1090 1374 itidem
1117 1338 1163 1373 ut
1190 1334 1458 1373 charmidatus
1486 1346 1526 1372 es
1551 1335 1555 1381 Ι

282 1410 442 1436 rursum
468 1398 719 1438 recharmida
1289 1407 1292 1409 ’

390 1460 447 1498 sic
474 1472 611 1500 versus
650 1461 824 1500 traditur
851 1462 986 1499 eadem
1016 1472 1198 1509 caesura,
1226 1472 1342 1510 quam
1371 1461 1404 1499 si
1433 1460 1573 1500 statui-

287 1534 384 1570 muS‚
413 1523 555 1571 nescio,
583 1535 659 1573 quo
679 1524 792 1563 modo
813 1523 1006 1573 ingratior
1026 1536 1108 1563 esse
1128 1524 1252 1572 possit
1274 1523 1339 1573 (cf.
1361 1524 1405 1561 R.
1425 1522 1577 1572 Proleg.

287 1598 324 1635 p.
339 1585 435 1632 215)
451 1586 547 1624 haec
564 1586 770 1624 verborum
787 1586 1056 1625 charmidatus
1071 1599 1110 1625 es
1124 1586 1163 1624 in
1183 1597 1346 1625 caesura
1359 1586 1579 1633 diremptio.

289 1649 367 1688 Sed
395 1648 645 1688 Hermannus
672 1648 846 1697 scripsit:
888 1647 1077 1703 ‘Proinde
1105 1652 1148 1688 tu
1174 1649 1308 1688 itidem
1341 1651 1388 1687 ut
1414 1648 1579 1687 charmi-

294 1713 423 1751 datu’s
451 1725 611 1751 rursum
639 1715 674 1750 te
700 1706 982 1759 recharmida'‚
1022 1716 1061 1750 et
1090 1712 1155 1750 R.:
1186 1712 1308 1760 proin
1347 1714 1427 1750 tute
1466 1711 1508 1749 it.
1536 1713 1582 1749 ut

292 1774 572 1814 charmidatu’s
607 1788 768 1814 rursum
806 1777 841 1814 te
878 1775 1142 1815 decharmida.
1196 1774 1274 1815 Cur
1309 1778 1440 1814 autem
1470 1777 1513 1814 tu
1539 1778 1580 1813 et

289 1842 325 1877 te
360 1839 479 1877 verba
508 1838 795 1888 coniunguntur
833 1838 870 1876 in
900 1839 1047 1877 unum?
1099 1838 1208 1884 Quod
1240 1838 1271 1876 si
1300 1850 1373 1877 non
1403 1837 1578 1884 facimus,

291 1913 362 1940 non
393 1912 570 1940 caremus
598 1900 834 1941 accusativo.
887 1900 1034 1940 Versus
1062 1901 1184 1949 igitur
1211 1903 1271 1939 est
1299 1900 1381 1939 hic:

393 1964 521 2003 Proin
555 1967 598 2003 tu
636 1967 671 2003 te
706 1964 841 2002 itidem
879 1968 923 2003 ut
958 1963 1226 2002 charmidatus
1264 1964 1303 2001 es
1328 1976 1488 2001 rursum
1515 1963 1579 2001 de-

293 2027 507 2065 charmida.

393 2090 470 2129 -u's
512 2092 642 2128 autem
679 2087 941 2138 synaloephae
977 2101 1025 2129 ne
1065 2089 1127 2128 hic
1168 2089 1324 2139 quidem
1361 2089 1481 2128 ullum
1510 2100 1579 2137 ap-

286 2153 419 2202 paruit
447 2152 666 2203 vestigium.
722 2151 799 2191 Sed
828 2151 1015 2191 Fleckeis.
1044 2152 1180 2192 scribit

392 2216 491 2254 Rud.
520 2228 555 2255 v.
588 2216 658 2256 181
691 2215 737 2255 Si
780 2219 823 2254 tu
861 2215 908 2254 de
935 2215 1095 2254 illarum
1123 2219 1335 2255 cenaturus
1361 2216 1513 2266 vesperi
1541 2228 1581 2254 es

391 2278 484 2318 Illis
513 2279 734 2318 curandum
762 2290 909 2325 censeo,
939 2277 1168 2328 Sceparnio,

394 2340 441 2381 Si
468 2342 580 2390 apud
605 2342 692 2380 me'd
718 2342 900 2388 essuru's‚
928 2341 1024 2379 mihi
1050 2342 1179 2381 dicari
1207 2354 1365 2396 operam
1391 2341 1476 2381 volo

388 2404 479 2443 libri
517 2407 649 2443 autem
684 2415 837 2443 versum
878 2415 1017 2443 sanum
1053 2405 1259 2453 praebent:
1297 2405 1409 2455 apud
1434 2417 1493 2444 me
1520 2417 1578 2444 es-

283 2468 404 2507 surus
432 2468 482 2515 es,
509 2467 606 2506 mihi
633 2468 723 2506 dari
752 2479 911 2516 operam
943 2467 1051 2515 volo,·
1078 2478 1195 2516 quam
1216 2468 1452 2518 scripturam
1474 2472 1578 2507 recte
