1776 2893
773 150 1035 190 -42-

369 253 464 292 Post
514 255 550 292 si
588 254 896 294 coniunctionem
947 254 1082 294 deesse
1122 265 1237 303 posse
1275 254 1436 294 verbum
1475 256 1554 296 iam

263 316 507 357 ostendimus
536 317 723 367 exemplis
751 317 805 369 (p.
834 317 916 369 24),
944 318 1014 358 sed
1042 318 1108 368 qui
1135 318 1304 358 nondum
1331 318 1381 359 de
1408 319 1483 360 hac
1509 331 1553 359 re

263 380 338 419 sibi
367 380 645 429 persuaserint,
674 381 701 419 ii
730 386 837 420 certo
866 381 926 420 his
953 382 1047 421 locis
1069 382 1364 421 convincentur:
1394 382 1473 421 Cic.
1500 383 1552 421 ad

264 443 348 482 Att.
368 442 473 490 XIV,
501 443 538 491 5,
566 444 590 483 2
616 444 686 483 sed
712 445 819 484 vides
845 445 1112 495 maqistratus,
1138 445 1174 484 si
1201 445 1356 495 quidem
1381 444 1443 485 illa·
1468 458 1552 484 ma-

261 507 476 557 yistratus;
503 507 554 546 ad
573 506 664 546 fam.
684 507 732 554 X,
761 508 824 555 26,
853 508 877 546 2
905 511 979 547 aut
995 509 1032 548 si
1056 509 1137 547 iam
1156 508 1357 557 confecta,·
1383 530 1435 535 —
1465 508 1554 557 XII,

266 570 328 618 lO,
357 570 381 607 2
409 570 473 608 sin
500 570 598 619 quid
621 570 723 619 forte
751 570 982 618 titubatum;
1009 571 1103 610 Hor.
1131 570 1243 620 epist.
1273 570 1323 620 Π,
1350 571 1387 620 2,
1418 570 1494 610 100
1518 571 1555 610 si

256 633 353 682 plus
391 645 604 682 apposcere
638 633 765 680 visus,
802 633 850 682 lit
884 633 1148 673 Mimnermus
1184 633 1284 672 Rud.
1312 644 1346 671 v.
1377 632 1479 673 1075
1507 632 1554 673 Si

264 696 330 734 ille
360 698 395 734 te
423 696 674 745 comprimere
701 695 849 742 solitus,
888 695 950 734 hic
976 708 1048 735 nos
1075 699 1205 735 noster
1231 708 1312 735 non
1337 696 1433 735 solet
1458 695 1553 735 Hec.

262 771 296 797 v.
320 759 396 798 780
424 757 498 797 Sin
525 761 654 797 autem
683 758 727 796 ob
755 770 840 796 eam
865 771 948 796 rem
973 759 1104 798 iratus
1129 762 1273 810 qnatas
1299 759 1378 807 (A).
1404 758 1546 808 Itaque

264 821 360 859 nihil
391 821 620 860 mutandum
648 825 709 860 est

368 884 483 933 Epid.
514 895 548 923 v,
578 883 656 923 630
693 882 739 923 Si
766 883 921 933 quidem
947 884 1064 923 istius
1089 886 1224 935 qratia
1250 883 1303 924 Id
1333 886 1552 924 remoratus

263 948 429 986 nimium
457 948 653 986 advenisti
682 948 756 986 cito

366 1013 406 1049 et
433 1009 572 1050 Pseud.
601 1021 755 1050 versum
784 1009 859 1049 271
896 1010 956 1050 vel
992 1010 1027 1050 si
1055 1010 1198 1062 diqnus
1225 1011 1304 1051 alio
1325 1012 1446 1060 pacto
1473 1010 1551 1050 iam

261 1074 476 1112 attulimus.

367 1136 476 1183 Quae
504 1147 591 1176 cum
620 1136 695 1185 ita,
733 1135 811 1175 sint
851 1135 966 1174 Merc.
1005 1148 1039 1175 v.
1079 1136 1154 1175 726
1190 1148 1238 1176 ne
1273 1139 1356 1176 tum
1396 1136 1551 1186 quidem

262 1199 575 1239 desideraremus
604 1213 654 1247 es,
690 1200 722 1238 si
762 1211 849 1237 cum
887 1199 1100 1238 Ritschelio
1138 1199 1394 1238 scriberemus
1430 1200 1466 1238 si
1490 1200 1552 1237 in-

260 1263 404 1300 noxius
440 1262 633 1301 audacter
651 1262 843 1311 quamvis
883 1262 1011 1301 dicito.
1066 1261 1145 1300 Sed
1187 1260 1359 1300 traditur
1385 1261 1466 1300 scio
1491 1262 1553 1300 in-

261 1326 423 1372 nooeius,
469 1336 585 1374 quam
634 1325 840 1364 lectionem
873 1329 981 1364 recte
1022 1325 1228 1364 retinuisse
1266 1324 1360 1362 mihi
1397 1324 1553 1363 videtur

260 1388 428 1436 Ussing„
467 1388 533 1436 qui
570 1391 695 1426 totum
733 1386 842 1425 illum
880 1387 1005 1427 locum
1042 1387 1098 1426 sic
1134 1386 1409 1426 conformavit:
1447 1386 1549 1426 Dor:

262 1451 427 1491 Dictum
455 1451 628 1501 oportuit

366 1515 443 1562 Ly:
472 1513 566 1553 Non
586 1526 768 1563 possum,
796 1513 855 1552 ita
881 1514 1032 1552 instas:
1060 1524 1175 1563 uryes
1202 1512 1318 1561 quasi
1337 1524 1416 1560 pro
1434 1513 1551 1551 noxio

368 1577 466 1615 Dor:
507 1575 617 1616 Scio:
654 1577 843 1616 innoxius
870 1576 945 1625 Ly:
982 1575 1187 1615 Audacter
1226 1574 1404 1624 quamvis
1431 1574 1549 1614 dicito

368 1639 468 1677 Dor:
497 1638 578 1678 Dic
604 1640 728 1689 iqitur

368 1702 426 1741 De
455 1703 557 1742 Men.
586 1713 621 1741 V.
650 1701 727 1741 293
756 1700 836 1742 Seu
876 1704 918 1741 tu
952 1699 1166 1752 Cylindrus
1202 1713 1272 1740 seu
1304 1699 1553 1749 Coriendrus,

259 1767 431 1816 perieris

369 1841 414 1868 eo
441 1829 570 1869 minus
597 1829 746 1877 dubito,
783 1830 886 1879 quod
917 1823 987 1884 ‘tu'
1017 1827 1224 1868 antecedit.

371 1893 489 1931 Merc.
519 1905 554 1932 v.
584 1893 661 1932 630
689 1893 736 1932 de
764 1893 864 1932 istac
882 1906 925 1931 re
954 1895 997 1931 tu
1015 1893 1181 1942 aryutus
1208 1903 1259 1938 es,
1287 1894 1333 1930 ut
1351 1904 1435 1941 par
1455 1893 1555 1941 pari

261 1957 500 2006 respondeas

369 2019 437 2058 Ad
453 2019 646 2058 mandata
673 2019 850 2066 claudus,
880 2030 1030 2065 caecus,
1057 2019 1200 2064 mutus,
1225 2029 1400 2065 maneus,
1420 2018 1556 2057 debilis

373 2096 413 2121 es
441 2083 601 2121 verbum
643 2083 681 2120 in
719 2082 844 2120 altero
882 2092 997 2119 versu
1034 2080 1086 2118 ad
1122 2079 1440 2129 perspicuitatem
1468 2090 1554 2119 sen-

267 2146 412 2185 tentiae
440 2146 599 2185 minime
627 2145 894 2185 desideratur:
924 2144 968 2183 R.
997 2141 1162 2182 frustra:
1200 2143 1378 2183 claudu's

370 2209 509 2247 Pseud.
538 2221 573 2247 v.
604 2208 706 2248 1050
746 2208 877 2258 Atque
919 2206 1053 2256 edepol
1103 2219 1340 2256 quamquam
1385 2220 1555 2257 nequam

265 2274 373 2312 homo
400 2275 502 2311 recte
520 2284 674 2311 mones:
702 2272 759 2310 sic
777 2271 812 2309 A
831 2269 976 2309 habere
994 2269 1160 2318 videtur,
1188 2282 1276 2310 cum
1296 2271 1416 2311 ceteri
1439 2282 1553 2321 prae-

266 2337 385 2375 beant
414 2337 523 2374 homo
554 2349 604 2382 es,
633 2338 672 2373 et
691 2334 940 2373 Ambrosiani
967 2334 1081 2371 lectio
1100 2333 1325 2373 defenditur
1351 2333 1417 2373 illo
1436 2345 1556 2383 supra

265 2398 385 2437 allato
423 2396 616 2446 exemplo:
658 2397 812 2436 tametsi
850 2399 1065 2446 occupatus
1097 2409 1222 2437 mane.
1285 2396 1402 2447 Epid.
1439 2408 1473 2436 v.
1502 2397 1553 2438 96

264 2476 434 2513 nequam
460 2462 569 2502 homo
597 2474 647 2509 es,
674 2460 845 2511 Epidice
872 2460 949 2499 huc
977 2459 1071 2500 nihil
1099 2460 1205 2502 facit.
