1776 2893
746 169 1030 210 —·101-—

248 279 340 318 dam
355 274 498 314 urbem
524 274 693 312 daturus
720 277 795 321 est,
822 287 956 313 vereor
991 278 1046 322 ut,
1075 274 1140 313 ubi
1167 275 1328 313 additur
1354 277 1413 313 est
1438 276 1527 323 post

251 341 459 383 venturus,
497 333 613 382 falso;
654 346 741 373 nam
770 340 860 385 post
885 337 921 376 si
948 337 1084 375 deesse
1110 348 1223 386 posse
1250 336 1407 376 verbum
1436 336 1527 375 sub-

247 400 461 441 stantivum
489 397 695 446 permultis
725 397 1078 437 demonstravimus
1106 398 1301 446 exemplis,
1325 398 1417 436 item
1441 411 1528 436 sum

247 463 338 503 estis
372 473 412 501 es
453 470 570 508 saepe
610 459 745 499 deesse
784 458 824 508 in
863 460 1040 499 versibus
1075 459 1268 499 Plautinis
1308 463 1348 498 et
1385 459 1526 498 Teren-

248 525 363 565 tianis
390 522 495 573 apud
514 521 764 571 participium
791 521 927 571 futuri,
955 525 996 561 et
1022 523 1127 571 apud
1147 522 1369 562 Ciceronem
1397 523 1525 570 ipsum

248 586 465 627 invenimus
483 585 534 624 ad
554 585 637 623 Att.
656 584 765 634 VIII,
793 585 829 632 2,
856 585 883 624 4
910 598 987 636 eyo,
1014 585 1051 624 si
1078 585 1125 624 de
1146 597 1248 634 pace
1275 587 1412 635 ayetur
1434 597 1527 633 pro-

244 651 433 701 fecturus,
460 648 496 687 si
514 648 561 687 de
580 647 674 687 bello
700 648 832 688 videro
859 648 947 699 vll,
976 649 1011 695 6,
1038 648 1063 687 2
1092 648 1206 695 dices,
1233 648 1330 697 quid
1348 650 1391 686 tu
1407 647 1528 697 iyitur

246 723 433 752 sensurus
460 710 532 749 es?
569 723 650 749 uon
689 711 794 750 idem
830 711 933 760 quod
968 711 1157 750 dicturus.
1211 710 1263 749 Et
1289 710 1406 748 liceat
1432 709 1527 747 mihi

246 774 309 814 hic
345 784 646 813 commemorare
682 772 753 811 hos
781 772 975 822 Propertii
1002 772 1126 813 locos:
1166 773 1281 822 Prop.
1309 772 1357 819 II,
1390 771 1449 818 15,
1476 771 1526 810 23

246 837 338 876 dum
364 848 435 874 uos
467 836 558 885 fata
583 837 739 884 sinunt,
782 836 910 875 oculos
945 837 1138 875 satiamus
1164 847 1318 874 amore:
1356 847 1434 873 uox
1461 834 1529 872 abi

246 899 364 950 lonya
389 898 497 937 venit
521 911 591 938 nee
617 899 798 938 reditura
816 899 900 938 dies
927 898 973 947 V,
1001 899 1062 946 27,
1092 899 1137 937 11
1168 898 1274 938 solus
1301 909 1441 936 amans
1459 909 1527 935 no-

245 962 300 1000 vit
326 961 484 1011 quando
516 962 724 1011 periturus
751 965 788 1001 et
814 975 841 1001 a
869 975 949 1011 qua
973 965 1093 1001 morte
1130 974 1255 1011 neque
1295 960 1357 999 hio
1393 960 1529 999 boreae

243 1023 374 1072 flabra
399 1036 470 1063 nec
494 1037 608 1063 arma
635 1025 740 1064 timet

349 1086 481 1126 Pauca
507 1090 659 1126 restant
685 1086 861 1135 exempla
888 1086 1089 1126 Plautina:

353 1149 433 1188 Mil.
453 1161 488 1188 v.
508 1148 585 1189 965
615 1150 699 1199 Quo
720 1152 842 1199 pacto
862 1150 970 1199 potis
988 1149 1132 1199 Nupta
1158 1152 1195 1188 et
1213 1149 1335 1188 vidua
1354 1161 1435 1187 esse
1462 1161 1527 1186 ea-

245 1212 360 1252 dem?
387 1224 412 1251 τε
438 1212 543 1261 Quia
561 1212 790 1251 adulescens
805 1215 934 1265 nupta
954 1225 1041 1251 cum
1058 1225 1148 1251 sene
1168 1211 1197 1251 C
1216 1211 1337 1250 habet
1351 1212 1526 1259 nuptast.

244 1275 380 1324 Itaque
416 1273 582 1315 fortasse
608 1278 775 1325 nuptast
811 1274 1054 1314 scribendum
1084 1278 1167 1323 est,
1202 1285 1326 1323 neque
1353 1285 1444 1313 vero
1471 1273 1526 1312 ita

244 1341 393 1377 certum
422 1341 503 1385 est;
533 1349 622 1376 nam
647 1337 695 1377 cf.
716 1338 770 1386 (p.
788 1338 857 1384 41)
886 1337 1062 1386 exempla
1089 1350 1128 1376 es
1155 1337 1285 1375 omissi
1304 1339 1393 1385 post
1421 1337 1526 1385 quia.

349 1400 448 1439 Rud.
468 1411 502 1439 v.
522 1399 601 1439 422
627 1400 688 1440 hei
715 1412 856 1449 eorpus
883 1401 1022 1450 quoius
1047 1399 1152 1439 modi
1173 1398 1526 1439 Subvolturium—

244 1462 346 1502 illud
382 1463 537 1513 quidem
572 1463 821 1513 subaquilum
855 1463 961 1502 volui
1003 1463 1154 1502 dicere:
1194 1462 1258 1502 hic
1292 1462 1429 1501 inutile
1468 1465 1528 1501 est

245 1525 414 1565 scribere
441 1548 491 1554 —
520 1527 722 1574 tmiumst,
762 1538 849 1565 nam
886 1537 959 1565 non
975 1559 977 1561 .
994 1526 1111 1575 plena
1137 1525 1332 1565 sententia
1359 1537 1526 1575 pronun-

246 1589 380 1637 tiatur,
408 1590 476 1628 sed
504 1589 767 1638 abrumpitur,
803 1601 918 1639 quam
947 1589 994 1628 ob
1023 1600 1180 1628 causam
1209 1600 1256 1627 ne
1283 1588 1415 1627 hiatus
1442 1587 1526 1636 qui-

246 1650 333 1689 dem
362 1650 435 1690 hoc
462 1651 545 1690 loco
572 1663 804 1701 quemquam
833 1651 1027 1691 offendere
1054 1652 1181 1691 debet.

285 1720 287 1722 '
351 1713 463 1753 Most.
501 1725 534 1752 v.
579 1715 652 1754 159
693 1717 850 1754 eventus
885 1714 998 1753 rebus
1039 1714 1213 1753 omnibus
1259 1714 1365 1753 velut
1408 1714 1529 1752 horno

244 1776 378 1815 messis
413 1780 596 1827 maynast
631 1789 705 1816 non
747 1776 870 1825 magis
906 1776 1071 1815 alterum
1110 1780 1167 1815 est
1206 1776 1427 1815 addendum
1455 1779 1527 1823 est,

245 1849 360 1887 quam
390 1838 488 1877 Men.
519 1850 552 1877 v,
581 1838 658 1877 398
698 1839 823 1889 Quasi
858 1839 1061 1889 suppellex
1080 1839 1267 1889 pellionis
1287 1838 1410 1889 palus
1431 1838 1527 1888 palo

238 1905 477 1949 proxumust

348 1962 506 2003 Minime
532 1976 636 2003 vero<
651 1967 709 2004 est
734 1964 981 2003 desideratur
1009 1964 1091 2004 Mil.
1120 1977 1154 2004 v.
1183 1965 1278 2005 253:
1319 1967 1525 2015 quantum-

243 2026 301 2065 vis
322 2027 593 2077 prolationem

349 2090 460 2138 Epid.
489 2103 523 2130 v.
552 2091 602 2128 32
631 2090 739 2129 libri:
779 2091 879 2130 Tum
904 2091 971 2130 ille
999 2095 1223 2142 proynatus
1253 2091 1382 2138 Theti,
1420 2089 1525 2136 Sine,

237 2152 411 2200 perdat:
439 2152 494 2191 sie
522 2156 625 2192 recte
652 2153 831 2192 distinxit
858 2153 1019 2203 Ussing;
1049 2154 1181 2193 GoetZ.
1209 2152 1326 2192 falso:
1364 2155 1527 2204 ynatust

247 2213 368 2254 Theti.
408 2214 513 2255 Siue.
561 2214 620 2254 De
657 2215 724 2254 illo
759 2219 834 2263 est,
872 2216 974 2264 quod
1013 2216 1052 2254 in
1089 2216 1281 2265 responsis
1309 2216 1401 2254 olim
1429 2216 1524 2254 addi

245 2275 405 2325 solebat,
433 2278 510 2316 iam
538 2277 577 2316 in
597 2277 792 2327 prooemio
811 2278 989 2317 diximus,
1032 2279 1083 2317 Et
1102 2278 1254 2328 integra
1272 2278 1525 2328 relinquenda

217 2390 220 2391 ⁷
244 2343 305 2377 est
331 2338 499 2379 formula
527 2343 692 2388 tantum,
721 2341 825 2391 quod
850 2340 971 2379 sciam
999 2340 1114 2379 Merc.
1138 2351 1170 2378 v,
1192 2340 1268 2379 642
1295 2340 1404 2380 Num
1431 2342 1528 2391 quid

244 2404 300 2439 est
336 2403 439 2452 quod
476 2403 586 2442 dicas
623 2404 737 2443 aliud
772 2404 818 2443 de
852 2402 950 2442 illo?
977 2414 1006 2441 :z
1038 2402 1229 2450 Tantum,
1268 2404 1371 2454 quod
1403 2404 1527 2444 sciam

243 2461 266 2499 i.
294 2474 327 2502 e.
355 2468 507 2504 tantum
546 2469 607 2505 est
634 2466 736 2514 quod
764 2466 814 2504 de
845 2464 910 2504 illo
939 2464 1088 2514 dicam,
1127 2466 1228 2515 quod
1268 2478 1339 2517 ego
1368 2467 1525 2517 quidem
