1776 2893
810 171 1071 210 *50—

296 276 447 315 discere
485 287 715 325 possumus,
757 288 873 325 quam
912 287 1119 325 perperam
1158 288 1228 315 nos
1264 277 1314 315 de
1349 276 1468 315 verbo
1496 289 1588 327 sup-

295 337 439 388 plendo
476 337 694 389 loquamur.
749 338 1013 378 Romanorum
1050 350 1157 378 mens
1184 337 1320 388 lingua
1346 338 1491 378 Latina
1517 340 1590 379 im-

295 401 392 440 buta
419 405 458 441 et
486 402 640 450 ingenio
668 402 812 440 Latino
852 402 935 440 alta
968 402 1065 440 nihil
1106 401 1336 450 supplebat,
1376 403 1469 451 quia
1493 403 1592 442 nihil

299 463 563 504 desiderabat.
619 463 755 515 Neque
782 464 968 504 debemus
987 464 1136 515 regulis
1161 464 1320 514 linguae
1338 464 1593 505 Germanicae

296 526 541 567 conformare
586 527 686 567 velle
733 527 907 577 linguam
946 528 1138 568 Latinam.
1204 526 1260 567 Cf.
1309 528 1427 567 etiam
1472 527 1590 568 Stich.

297 602 330 628 v.
362 590 438 628 749
470 589 592 629 Totus
621 590 729 630 doleo
758 603 786 630 ::
819 590 972 630 Totus?
1009 593 1119 631 tauto
1154 591 1333 630 miserior
1359 590 1469 630 ovid.
1497 591 1589 630 Met.

294 652 399 701 XIV,
428 653 503 692 657
541 652 745 703 Pomaque
770 655 918 693 mirata
955 658 1036 694 est:
1075 655 1280 704 Tautoque
1300 656 1502 703 potentior
1528 656 1591 694 in-

294 716 382 765 quit
410 715 630 766 Paucaque
658 717 847 756 laudatae
875 717 985 756 dedit
1016 717 1160 764 oscula,

397 778 510 818 Nunc
538 780 752 829 adiungere
779 779 984 819 debemus:

398 842 503 880 Trin.
552 854 585 881 v.
626 843 703 881 912
753 841 844 881 Iam
891 844 1215 882 recommeutatus
1259 842 1429 882 nomeu?
1475 842 1588 882 libri:

312 908 395 944 -tus
423 899 479 944 es'

298 944 309 960 t
400 968 468 1007 ubi
495 968 539 1006 R.
569 968 717 1015 -tatu's,
746 968 816 1006 sed
835 968 1004 1007 Bothius
1033 980 1099 1007 -us
1117 980 1268 1015 nomeu,
1295 969 1401 1017 quod
1420 969 1588 1007 retinen-

293 1031 387 1069 dum
407 1034 468 1070 est
486 1034 526 1070 et
545 1030 769 1071 defenditur
791 1031 852 1070 his
874 1031 991 1070 locis:
1020 1031 1134 1070 Most.
1155 1043 1189 1070 v.
1211 1031 1288 1071 668
1317 1031 1413 1081 quid
1438 1031 1589 1083 iyitur?

292 1094 373 1133 iam
402 1094 666 1133 commentus?
703 1094 820 1133 Poen.
850 1106 883 1133 v.
916 1095 991 1133 139
1027 1096 1074 1133 ut
1112 1094 1186 1133 cito
1221 1093 1317 1134 haec
1355 1097 1589 1134 commentus

300 1156 364 1206 (cf.
393 1169 431 1206 p.
461 1158 526 1206 21)

400 1220 551 1259 Deinde
570 1220 676 1258 Trin.
706 1233 740 1259 v.
771 1221 821 1259 96
849 1220 885 1258 si
911 1220 956 1258 id
983 1232 1063 1259 nou
1080 1232 1139 1259 me
1158 1232 1335 1267 accusas,
1363 1222 1442 1259 tute
1462 1220 1589 1260 obiur-

292 1283 450 1334 9audus
479 1296 507 1322 z:
537 1282 625 1322 Scio

399 1346 513 1386 libri:
553 1347 590 1385 si
625 1346 670 1385 id
702 1359 762 1385 me
797 1359 878 1385 ‘nou
920 1358 1106 1393 accusas,
1146 1348 1227 1385 tute
1263 1346 1347 1396 ipse
1383 1346 1590 1397 obiurgau-

292 1409 367 1448 dus
396 1422 435 1448 es

400 1471 517 1510 Hunc
555 1471 679 1520 igitur
706 1482 862 1510 versum
899 1472 1019 1511 etiam
1048 1471 1125 1511 alio
1152 1472 1422 1511 additamento
1450 1472 1590 1521 depra-

295 1537 489 1573 vaverunt
515 1533 686 1582 librarii;
728 1534 824 1583 quid
852 1537 983 1573 autem
1010 1533 1165 1574 facilius
1193 1535 1339 1573 addere
1364 1537 1591 1583 potuerunt,

295 1608 413 1647 quam
454 1609 494 1636 es
532 1597 637 1646 quod
672 1596 800 1645 ignari
840 1597 957 1636 huius
985 1609 1081 1636 usus
1108 1598 1407 1637 desiderarent?
1460 1598 1591 1647 Atque

294 1660 412 1699 huius
453 1660 677 1699 omissionis
717 1660 935 1710 exemplum
973 1664 1127 1700 exstare
1154 1661 1312 1700 minime
1338 1660 1593 1708 admiramur,

294 1724 387 1772 quin
427 1723 545 1761 etiam
575 1725 860 1772 exspectamus,
902 1723 936 1762 si
963 1723 1142 1762 novimus
1170 1722 1271 1763 tales
1299 1723 1407 1762 locos
1435 1721 1590 1763 Cicero-

292 1787 451 1824 nianos:
482 1786 534 1824 ad
562 1786 646 1824 Att.
666 1786 755 1834 VII,
783 1786 820 1835 3,
851 1787 900 1825 12
926 1786 1092 1836 reliqua,
1133 1799 1234 1836 quae
1261 1787 1375 1833 nosti,
1401 1786 1593 1835 ferenda;

292 1870 343 1876 -
371 1849 447 1887 VH
475 1849 511 1896 3,
539 1848 565 1887 5
607 1849 736 1887 emtus
772 1849 818 1887 iu
851 1848 1019 1887 alteram
1049 1851 1209 1898 partem
1243 1849 1369 1899 mayis
1404 1848 1592 1896 timendi;

293 1934 343 1938 -
372 1912 420 1959 X,
452 1911 514 1958 12,
543 1912 567 1949 2
596 1910 739 1950 Sicilia
759 1912 957 1960 patenam,-
977 1934 1025 1937 —
1046 1912 1137 1959 XII,
1166 1912 1230 1959 43,
1260 1912 1280 1949 1
1310 1911 1380 1950 sed
1402 1910 1593 1960 ferendus

293 1974 363 2013 tibi
389 1975 435 2013 iu
462 1974 533 2013 hoc
559 1986 668 2013 meus
698 1986 818 2012 error.
858 1974 1079 2023 ferendus?
1116 1975 1231 2013 immo
1258 1986 1348 2013 vero
1375 1974 1494 2013 etiam
1522 1973 1593 2013 ad-

291 2037 518 2083 iuvandus;
556 2058 606 2062 —-
646 2036 754 2084 XIII,
796 2037 856 2085 13,
898 2037 945 2075 12
983 2039 1056 2076 aut
1094 2037 1327 2076 cessandum
1362 2038 1486 2088 iyitur
1522 2039 1594 2076 aut

292 2100 449 2150 aliquid
484 2099 795 2150 excoyitaudum.
851 2103 968 2149 atque
1003 2099 1076 2139 hos
1115 2111 1254 2139 versus
1289 2099 1442 2139 Plauti:
1481 2100 1590 2138 Asin.

291 2175 325 2201 v.
355 2163 431 2201 778
471 2163 752 2211 spectandum,
788 2176 838 2201 ue
880 2164 972 2212 quoi
1010 2162 1175 2201 anulum
1216 2163 1279 2201 det
1316 2162 1436 2202 Stich.
1476 2174 1511 2201 v.
1540 2163 1593 2201 54

292 2224 540 2264 Faciendum
563 2225 608 2264 id
633 2225 754 2272 uobis,
784 2226 889 2275 quod
908 2227 1100 2274 parentes
1126 2226 1334 2274 imperant.
1381 2225 1444 2265 Sic
1474 2225 1591 2264 etiam

292 2291 373 2327 tute
402 2287 669 2338 obiurgandus
697 2289 915 2328 rectissime
943 2300 986 2328 se
1011 2287 1131 2327 habet
1158 2288 1386 2338 pronomine
1413 2299 1591 2337 praeser-

289 2351 361 2389 tim
388 2351 607 2400 praemisso
636 2352 730 2401 (nisi
758 2351 946 2390 malueris
974 2353 1018 2390 tu
1046 2351 1314 2403 obiuryaudus
1341 2351 1410 2400 es.)

396 2415 529 2464 Atque
555 2415 794 2455 Ritschelius
822 2414 974 2463 Proleg.
1003 2426 1040 2463 p.
1064 2414 1138 2454 109
1166 2426 1213 2454 ea
1240 2414 1417 2464 exempla
1444 2413 1589 2464 quibus

290 2489 330 2517 es
358 2478 534 2517 traditur
562 2481 603 2517 et
629 2489 688 2527 ea,
716 2478 783 2517 ubi
812 2491 851 2517 es
879 2489 955 2516 non
976 2477 1168 2516 traditum
1188 2480 1248 2517 est
1276 2477 1378 2517 inter
1405 2488 1448 2517 se
1466 2477 1592 2517 mixta
