1776 2893
722 214 774 220 ..
826 192 878 231 39
929 214 982 220 -

318 299 406 340 Aul.
435 310 470 338 v.
500 298 576 339 763
602 296 751 338 Aulam
776 296 880 344 auri,
906 296 1081 346 inquam
1110 299 1145 335 te
1171 308 1339 346 reposco,
1377 309 1496 347 quam

214 364 257 400 tu
282 363 483 412 confessus
508 361 604 399 mihi

317 424 371 464 Te
397 423 602 463 abstubisse
629 443 691 469 —,
720 421 786 461 ubi
815 424 858 461 tu
884 421 1107 471 pronomine
1126 421 1245 460 etiam
1273 422 1396 472 magis
1424 433 1489 461 ex-

216 491 375 529 cusatur
401 486 569 533 omissio,

316 549 421 588 Trin.
449 560 484 587 v.
512 547 590 588 969
627 548 740 597 Quod
776 559 842 597 eqo
879 547 965 585 dem
1000 559 1144 586 aarum
1183 546 1280 585 tibi?
1317 558 1344 584 :t
1385 547 1497 596 Quod

213 615 249 652 te
278 624 305 651 a
329 624 387 652 me
414 611 611 662 accepisse
635 610 771 661 fassus
787 610 824 659 ¹)

322 675 451 723 Atque
478 678 524 713 ut
550 674 624 713 hoc
650 674 733 713 loco
760 684 923 722 agamus
949 672 1001 712 de

320 737 423 777 Trin.
451 737 528 777 982
555 736 712 777 Aurum
737 737 856 776 redde
883 759 928 764 —
962 748 989 775 t:
1017 735 1221 776 Dormitas
1247 749 1366 776 senex
1392 759 1441 763 —
1467 749 1495 775 z:

317 799 471 839 Fassus
504 800 752 840 Charmidem
778 800 929 839 dedisse
956 812 1100 838 aarum
1128 799 1207 846 tibi,

314 862 371 902 sic
406 863 583 913 equidem
620 862 862 903 distinxerim
875 894 885 912 ,
925 865 970 902 ut
1004 862 1141 913 fassus
1176 862 1337 901 verbum
1375 862 1499 912 magis

211 937 300 966 cum
327 926 557 976 imperativo
582 926 702 966 redde
729 925 936 966 cohaereat
976 929 1016 965 et
1052 928 1096 965 ut
1123 936 1192 965 nos
1219 925 1382 965 similem
1411 936 1499 964 con-

210 988 478 1029 formationem
515 989 782 1029 nanciscamur
818 989 854 1029 ei
891 1000 1009 1040 quam
1046 988 1264 1029 invenimus
1302 1001 1341 1039 p.
1380 987 1431 1027 32
1459 987 1497 1026 in

214 1053 279 1092 abi
311 1053 455 1093 stultus
499 1057 540 1093 et
576 1053 615 1092 in
656 1053 739 1092 eius
777 1053 882 1092 modi
922 1052 1156 1092 enuntiatis:
1203 1051 1286 1091 Mil.
1323 1064 1359 1092 v.
1398 1051 1498 1090 1409

211 1115 401 1166 Loquere,
428 1117 602 1155 nondum
626 1115 743 1155 nihili
766 1116 910 1166 faetus.

315 1178 470 1218 Faesus
497 1177 660 1228 perfecti
687 1190 805 1217 unum
825 1179 1104 1219 tandummodo
1135 1177 1352 1227 exemplum
1383 1188 1495 1227 prae-

208 1245 269 1280 ter
296 1241 498 1291 superiora
518 1240 709 1280 occurrit:
737 1241 848 1280 Trnc.
867 1253 902 1281 v.
924 1241 1000 1281 792
1028 1240 1102 1280 Nil
1118 1253 1246 1279 moror
1260 1242 1498 1289 praeterea:

208 1305 308 1343 satis
334 1317 374 1343 es
399 1305 526 1353 fassa,
553 1303 621 1343 ubi
649 1303 802 1354 syllaba
819 1307 879 1343 est
897 1303 1028 1343 versui
1056 1302 1273 1343 necessaria
1291 1306 1333 1342 et
1359 1315 1399 1342 es
1425 1314 1494 1352 po-

206 1367 325 1406 situm
351 1369 443 1405 ante
469 1366 732 1416 participium.
777 1367 941 1407 Restant
969 1371 1015 1407 ut
1054 1366 1119 1407 hic
1146 1370 1494 1407 commemorentur

310 1428 391 1470 Mil.
419 1443 453 1470 v.
482 1429 560 1469 232
585 1429 645 1469 At
680 1433 723 1470 tu
757 1431 914 1481 imperti
941 1432 1064 1471 amice
1090 1444 1150 1471 me
1177 1431 1281 1481 qaod
1309 1443 1495 1470 commen-

208 1496 271 1533 tus
298 1505 326 1532 z:
357 1493 470 1533 Tace.
520 1494 603 1533 Iam
633 1505 753 1542 supra
781 1493 997 1534 invenimus
1025 1494 1078 1545 (p.
1107 1495 1176 1544 29)
1213 1497 1260 1534 ut
1293 1495 1367 1533 cito
1396 1506 1494 1533 eom-

207 1559 371 1597 meatus.

317 1619 430 1665 Quod
448 1619 592 1658 attinet
609 1619 717 1658 Asin.
745 1630 898 1658 versum
917 1620 968 1659 39
989 1623 1100 1670 teque
1118 1621 1270 1660 obsecro
1287 1620 1426 1667 hercle,
1453 1623 1499 1659 at

208 1695 309 1732 quae
336 1682 487 1722 locutus
514 1683 695 1733 despuas,

311 1745 389 1785 iam
427 1745 578 1795 egimus
616 1745 846 1795 explicatius
882 1745 931 1784 de
969 1745 1077 1785 verbi
1112 1745 1346 1786 substantivi
1385 1746 1492 1795 apud

207 1809 360 1849 locatas
386 1808 603 1859 perfectum
631 1809 836 1849 omissione
862 1821 900 1859 p.
934 1809 983 1849 15
1010 1820 1117 1858 sequ.

310 1872 407 1912 Eun.
436 1884 471 1911 v.
500 1872 572 1912 651
603 1873 648 1911 in
674 1872 764 1912 hine
791 1885 866 1923 quo
894 1873 1035 1924 dignus
1063 1885 1150 1912 cwm
1176 1873 1290 1912 donis
1317 1871 1427 1912 mis?

312 1968 387 1996 non
425 1960 486 1996 est
523 1967 592 1996 cur
618 1969 643 1996 a
668 1956 746 1997 fide
772 1956 969 1996 Bembini:
997 1958 1140 2009 diynus
1167 1937 1249 1997 {am
1276 1958 1387 2005 (corr.
1416 1957 1492 2001 Al)

210 2020 456 2068 recedamus;
485 2031 587 2069 nam,
614 2031 714 2069 quae
731 2031 897 2069 persona
925 2020 990 2069 sit,
1017 2032 1065 2059 ex
1092 2019 1209 2059 verbo
1240 2020 1492 2059 antecedente

207 2081 442 2133 perspicitur
478 2085 597 2132 atque
632 2082 789 2123 omissio
825 2085 921 2133 apta
947 2086 1008 2122 est
1033 2083 1329 2133 interrogationi
1355 2082 1492 2133 plenae

211 2146 500 2195 indignationis.
555 2146 683 2195 Atque
709 2146 787 2185 iam
815 2146 1036 2185 addiderim

312 2207 452 2247 Pseud.
490 2219 526 2247 v.
565 2208 663 2247 271:
712 2207 771 2249 Di
808 2212 844 2248 te
881 2210 1052 2259 deaeque
1088 2211 1220 2248 ament
1256 2232 1306 2236 —
1352 2208 1422 2249 Vel
1457 2209 1493 2248 si

208 2271 351 2322 digmus
378 2271 458 2310 alio
478 2274 610 2320 paeto,
637 2284 763 2321 ‘neque
790 2275 923 2311 ament
939 2293 990 2299 —

310 2336 399 2382 post
435 2334 471 2373 si
507 2333 811 2374 coniunctionem
848 2338 980 2374 autem
1018 2333 1145 2374 omitti
1183 2345 1296 2384 posse
1333 2347 1372 2374 es
1411 2334 1489 2373 iam

291 2459 321 2498 1)
344 2461 418 2489 Aen.
433 2461 471 2497 V,
496 2463 554 2490 192
578 2470 655 2488 nune
675 2460 746 2489 illae
762 2461 892 2497 promite
906 2462 993 2497 vires,
1011 2470 1089 2490 nune
1103 2462 1227 2497 animoa,
1243 2460 1342 2497 quibus
1364 2460 1396 2488 in
1412 2461 1490 2490 Gae-

206 2512 275 2543 tulis
297 2513 433 2550 Syrmus
453 2514 503 2544 usi
521 2514 576 2554 (sc.
598 2512 691 2554 eatis).
1016 2516 1020 2519 ’
