1776 2893
730 201 990 240 -87-

327 308 417 358 Qua
451 319 510 345 me
550 317 673 345 causa
707 306 833 357 mayis
872 319 958 346 cum
986 318 1083 345 cura
1121 320 1201 347 esse
1238 307 1395 347 a'ecum:
1444 307 1504 348 ob-

222 370 418 422 viqilatdst
444 381 543 418 opus

328 432 456 484 (libriz
493 444 541 470 ea
569 432 690 479 cum);
731 431 881 469 numeri
916 435 1007 469 sunt
1040 431 1237 481 elegantes
1275 435 1316 470 et
1342 432 1504 480 integri;

223 494 433 536 cavendum
461 493 584 543 igitur
610 496 682 541 est,
710 504 757 531 ne
784 492 867 532 sine
893 493 1002 542 gravi
1032 504 1150 533 causa
1176 494 1271 543 quid
1299 497 1506 542 mutemus,

230 569 277 598 ne
304 557 407 606 quod
436 556 577 596 bonum
606 559 678 604 est,
705 556 843 596 melius
870 556 1034 596 reddere
1060 567 1251 596 conemur.
1305 556 1350 596 R.
1376 559 1505 596 autem

229 624 338 659 ratus
365 632 534 668 aequum
552 629 685 657 carere
704 629 776 657 non
796 629 910 667 posse
937 622 996 657 est
1013 618 1130 657 verbo
1149 619 1307 668 scripsit
1325 622 1507 665 aecumst,

227 693 304 732 qua
330 692 372 720 re
400 681 484 731 ipse
513 691 554 720 se
582 680 708 731 coegit
743 683 896 720 mutare
923 679 1037 720 finem
1067 692 1202 721 versus
1237 681 1276 720 in
1306 681 1508 733 obviyilato

228 747 352 794 opust,
380 755 458 792 qua
486 744 702 782 mutatione
730 747 816 782 tota
842 744 944 782 ratio
972 743 1164 783 refellitur
1191 745 1358 794 egregie.

327 805 511 846 Plautum
553 806 654 845 enim
690 818 732 846 re
759 818 853 847 vera
893 806 1094 856 scripsisse
1135 807 1376 858 obviqilatost
1412 819 1509 857 opus

224 868 410 908 discimus
437 880 481 908 ex
510 869 571 908 his
599 869 801 918 exemplis:
829 869 940 909 Cure.
969 881 1003 908 v.
1031 870 1109 909 596
1145 871 1242 920 quia
1274 870 1328 909 mi
1355 870 1508 920 quaesi-

226 934 301 970 tost
326 944 448 981 opus,·
475 953 525 959 —
553 942 587 970 V.
616 932 693 971 302
733 933 838 982 quod
864 933 933 971 des
956 933 1152 972 inventost
1178 945 1299 983 opus,·
1326 932 1444 972 Bach.
1473 944 1508 971 v,

223 993 299 1032 219
325 994 380 1032 mi
406 994 555 1033 homine
584 997 803 1033 conventost
829 1006 949 1044 opus;
977 994 1119 1044 Amph.
1139 1006 1173 1033 v,
1194 995 1269 1034 628
1296 1007 1390 1034 nam
1415 994 1510 1034 mihi

221 1056 323 1095 istuc
344 1057 520 1105 primum
547 1057 774 1107 eoequisitost
810 1069 930 1106 opus,·
964 1068 999 1096 v,
1026 1056 1105 1097 505
1147 1056 1273 1097 Citius
1300 1058 1405 1108 quod
1428 1070 1509 1097 non

221 1119 366 1169 factost
400 1132 497 1159 usus
530 1121 579 1170 fit
613 1133 730 1170 quam
769 1121 873 1170 quod
905 1120 1052 1169 factost
1089 1133 1208 1170 opus;
1245 1119 1291 1160 cf.
1328 1120 1442 1160 Poen.
1471 1133 1508 1160 v.

222 1181 312 1230 313,
352 1181 492 1231 Amph.
532 1195 567 1221 v.
598 1182 691 1230 769;
729 1182 832 1221 Trin.
872 1195 907 1221 v.
945 1183 1019 1222 807
1060 1184 1164 1232 quod
1196 1184 1279 1222 iam
1310 1196 1506 1233 propera-

223 1246 298 1284 tost
333 1257 453 1294 opus;
502 1244 633 1284 Etiam
673 1245 782 1284 Adel.
819 1257 852 1283 v.
893 1246 971 1285 342
1012 1258 1164 1295 quoquo
1193 1250 1315 1295 pacto
1351 1248 1508 1286 tacitast

223 1319 321 1357 opus
347 1308 427 1346 Mil.
456 1321 490 1347 v.
520 1308 597 1347 805
624 1308 669 1346 R.
706 1307 862 1357 quidem
905 1311 1127 1363 ‘properato
1155 1321 1252 1357 opus
1278 1304 1362 1357 est',
1399 1310 1504 1348 Brix.

224 1382 405 1425 ‘propere
442 1383 539 1420 opus
577 1365 664 1418 est}
700 1381 787 1410 cum
825 1371 939 1410 lectio
968 1370 1117 1410 incerta.
1143 1371 1216 1419 sit,
1256 1372 1390 1411 eodem
1418 1372 1503 1411 iure

221 1433 488 1482 proposuerim
517 1473 527 1489 <
529 1437 784 1484 properatost
809 1429 923 1484 opus'
953 1437 998 1473 ut
1016 1434 1121 1473 Trin.
1142 1445 1176 1472 v.
1197 1434 1291 1483 807;
1321 1439 1360 1474 et
1384 1435 1502 1474 Merc.

221 1507 256 1534 v.
285 1496 363 1537 330
389 1496 527 1536 melius
563 1502 624 1537 est
658 1508 745 1537 cum
772 1498 818 1537 R.
847 1497 995 1546 legere:
1033 1497 1103 1537 hoc
1129 1497 1226 1536 mihi
1251 1498 1370 1537 visost
1396 1510 1505 1548 opus,

222 1559 313 1607 quia
349 1558 438 1598 libri
474 1560 639 1599 habent:
680 1561 765 1615 thoc
802 1572 909 1599 nunc
944 1560 1039 1599 mihi
1072 1561 1192 1599 visost
1227 1556 1341 1609 opus’
1388 1572 1505 1611 quam

221 1632 307 1661 cum
336 1621 511 1662 Acidalio
538 1635 646 1662 nunc
672 1622 840 1662 retinere
867 1626 907 1662 et
944 1623 1132 1672 optimam
1159 1623 1362 1662 verborum
1391 1623 1506 1662 collo-

221 1684 412 1723 cationem
440 1690 592 1725 mutare
629 1686 686 1724 in:
722 1687 804 1725 viso
832 1689 967 1735 opust;
1005 1689 1044 1724 et
1071 1698 1105 1724 v.
1134 1685 1209 1725 333
1253 1685 1390 1725 melius
1419 1697 1504 1725 cum

220 1745 331 1786 libris
358 1746 568 1787 retinemus
592 1752 849 1798 praecautost
875 1762 972 1798 opus
999 1753 1038 1788 et
1064 1749 1133 1788 sed
1159 1749 1351 1796 delemus,
1388 1760 1503 1797 quam

221 1814 266 1847 ut
301 1821 387 1849 cum
427 1810 543 1850 Adid.
581 1811 817 1851 scribamus:
857 1812 942 1867 ‘sed
971 1815 1191 1861 praecauto
1219 1806 1347 1861 opust'
1390 1811 1503 1850 Most.

221 1884 256 1911 v.
293 1873 370 1913 902
409 1873 501 1913 libri
540 1875 728 1925 praebent
764 1876 1002 1916 octonorium
1048 1874 1308 1915 trochaicum:
1346 1874 1426 1915 Sed
1461 1888 1504 1914 eo

220 1937 345 1987 mayis
371 1939 485 1975 cauto
513 1941 570 1977 est
596 1951 692 1987 opus
719 1951 768 1977 ne
795 1938 870 1977 huc
898 1941 1031 1985 eoeeat,
1060 1939 1128 1987 qui
1153 1937 1254 1976 male
1279 1950 1338 1975 me
1364 1938 1505 1976 mulcet

221 1999 266 2039 R.
294 1999 481 2039 audacius
516 2003 642 2041 totum
680 2001 789 2041 illum
829 2000 954 2042 locum
971 2018 974 2020 ·
992 2004 1120 2040 mutat
1156 2004 1197 2039 et
1224 1999 1341 2039 talem
1370 2011 1504 2040 versus

222 2062 336 2103 finem
365 2063 506 2103 habet:
544 2068 659 2104 cauto
687 2068 802 2115 opust
826 2065 932 2112 mihi,
961 2075 1039 2113 qua
1066 2063 1315 2103 collocatione
1343 2075 1416 2102 non
1445 2064 1500 2103 ita

221 2127 510 2167 commendatur
537 2128 721 2179 mutatio,
749 2139 985 2179 quamquam
1013 2127 1209 2167 invenitur
1235 2126 1354 2166 etiam
1383 2127 1500 2166 Merc.

222 2202 256 2229 v,
283 2190 361 2230 466
390 2194 504 2230 cauto
532 2195 667 2240 opust;
694 2192 846 2231 Deinde
875 2191 921 2230 cf.
952 2191 1052 2229 Rud.
1081 2202 1115 2229 v.
1145 2189 1220 2228 726
1247 2191 1360 2228 immo
1387 2191 1504 2229 aliast

222 2266 341 2303 opus;
389 2254 488 2294 1328
539 2254 652 2292 arido
689 2257 888 2304 arqentost
922 2265 1018 2303 opus
1056 2252 1160 2291 Pers.
1203 2264 1236 2290 v.
1275 2252 1325 2291 82
1364 2254 1502 2303 quoius

221 2318 315 2357 mihi
353 2317 542 2357 auxiliost
584 2329 682 2367 opus
719 2317 839 2355 Stich.
874 2317 951 2355 632
988 2317 1033 2355 R.
1069 2315 1292 2364 proposuit:
1342 2316 1502 2355 consilio

220 2384 357 2419 sanast
392 2392 489 2431 opus
526 2380 627 2428 quod
666 2378 792 2418 facere
819 2390 892 2417 non
930 2389 1086 2427 possum
1115 2378 1207 2427 quin
1235 2378 1500 2428 comprobem;

221 2446 261 2482 et
280 2443 366 2484 Cas.
385 2444 457 2492 111,
485 2445 520 2493 6,
553 2443 600 2483 15
627 2455 713 2482 cum
739 2442 773 2480 A
800 2442 945 2481 habeat
973 2445 1087 2491 opust
1112 2455 1219 2480 servo
1247 2441 1365 2480 ceteri
1393 2441 1504 2480 libri:

221 2517 328 2545 servo
357 2520 453 2558 opus
481 2511 538 2547 est
563 2506 726 2546 fortasse
755 2504 998 2545 scribendum
1027 2509 1106 2543 est:
1134 2507 1281 2544 servost
1307 2517 1416 2557 opus,
