1776 2893
736 185 995 224 -77-

212 293 391 343 probum,
415 291 532 332 facile
553 291 717 340 quisque
740 290 788 329 de
811 290 1035 330 accusativo
1054 291 1343 331 exclamationis
1361 292 1507 341 cogita-

220 356 340 403 verit;
371 367 417 393 ne
431 358 561 393 autem
578 354 619 392 id
634 352 755 392 faciat
772 354 1003 391 admonetur
1017 353 1124 391 velut
1143 364 1258 392 versu
1276 354 1414 402 Amph.
1429 354 1504 394 857

218 418 351 456 Nimis
377 419 530 455 ecastor
563 416 727 465 facinus
754 416 955 463 mirumst,
994 415 1063 464 qui
1088 415 1150 454 illi
1178 415 1400 454 conlibitum
1425 419 1507 456 siet.

323 478 375 516 Et
416 478 520 526 apud
559 477 782 516 Terentium
823 479 1022 527 egregium
1061 476 1251 516 habemus
1291 479 1506 526 exemplum

219 544 277 580 est
303 540 409 580 verbi
440 540 572 579 omissi
601 539 712 579 Adel.
738 553 773 579 v.
793 540 844 579 96
871 540 1038 579 Nullum
1065 540 1182 579 huius
1208 540 1333 579 simile
1359 540 1509 589 factum

218 604 261 654 (i.
290 616 323 642 e.
351 603 468 642 huius
505 602 576 642 filii
603 602 751 642 nullum
791 602 916 642 simile
944 603 1089 643 factum
1120 606 1269 651 exstat,
1306 604 1510 641 memorari

216 666 386 716 potest);
415 666 520 715 apud
540 677 654 715 quem
683 666 717 705 si
737 666 902 716 legimus
921 667 1041 706 etiam
1070 666 1167 705 Eun.
1198 677 1231 703 v.
1251 666 1330 706 402
1353 689 1403 693 —
1430 679 1510 705 cre-

217 730 306 768 dere
335 741 481 767 omnem
508 730 730 776 exercitum,
765 729 943 769 Consilia
969 742 997 768 :z
1026 730 1183 769 Mirum
1226 730 1344 767 Andr.
1375 741 1408 767 v.
1432 730 1511 768 474

215 792 303 830 Hui
339 795 418 830 tam
457 792 561 830 cito.9
608 791 838 831 Ridiculum
880 792 973 830 Hec.
1001 805 1036 831 v.
1064 792 1144 830 424
1179 791 1247 830 Ita
1279 805 1403 841 usque
1439 793 1510 830 ad-

215 867 329 893 versa
358 857 581 903 tempestate
607 856 672 893 usi
698 868 842 893 sumus.
871 854 888 903 ΙΙ
919 853 1105 893 Odiosum
1132 854 1243 893 Adel.
1272 865 1307 892 v,
1327 855 1404 893 275
1432 858 1512 893 tam

217 916 260 955 ob
289 916 498 965 parvolam
525 916 622 956 Rem
644 930 774 966 paene
807 931 826 956 e
857 917 1031 966 patria?
1067 930 1093 955 a
1128 919 1241 966 turpe
1269 917 1377 955 dictu
1416 917 1512 957 haec

214 990 285 1028 pro
314 978 561 1019 nominativis
589 979 769 1019 habenda
796 984 887 1018 sunt
916 982 974 1018 est
999 979 1117 1017 verbo
1146 980 1300 1028 omisso,
1331 983 1375 1017 ut
1395 980 1510 1019 docet

215 1042 327 1080 Adel.
356 1053 390 1079 v.
426 1042 497 1081 106
525 1042 580 1081 Id
605 1043 717 1081 laudi
744 1043 876 1090 ducis,
916 1043 1021 1092 quod
1054 1045 1135 1081 tum
1170 1042 1302 1091 fecisti
1328 1043 1503 1094 inopiam

214 1104 454 1143 Iniuriumst
480 1108 519 1143 et
547 1105 623 1143 huc
646 1105 770 1144 refero
798 1106 915 1143 etiam
946 1106 1066 1143 Andr.
1096 1117 1130 1143 v.
1153 1104 1231 1143 365
1260 1105 1374 1144 Scio:
1401 1119 1509 1156 may-

215 1179 310 1205 num
337 1167 503 1217 siqnum.

319 1228 470 1267 Similia
503 1229 670 1278 legimus
707 1230 814 1278 apud
852 1229 1073 1269 Ciceronem
1113 1231 1165 1268 ad
1202 1231 1286 1269 Att.
1316 1231 1361 1278 V,
1394 1231 1454 1279 19,
1482 1232 1507 1270 3

215 1283 318 1340 quod
355 1292 492 1331 scribis
533 1292 671 1331 libente
710 1295 745 1331 te
781 1293 982 1341 repulsam
1020 1293 1153 1332 tulisse
1190 1306 1295 1340 eum,
1340 1295 1409 1343 qui
1444 1317 1508 1342 —,

212 1355 347 1404 mayni
384 1355 529 1393 amoris
565 1356 739 1405 siynum,
776 1355 843 1394 ubi
872 1355 1149 1394 nominativum
1188 1355 1378 1395 habemus
1406 1357 1509 1396 sicut

215 1416 280 1465 XI,
311 1417 371 1465 14,
399 1418 423 1455 3
450 1418 495 1456 id
520 1418 556 1455 si
581 1419 640 1456 ita
668 1420 734 1464 est,
763 1418 894 1456 omnia
919 1418 1119 1467 faciliora,
1154 1419 1218 1456 sin
1245 1418 1372 1465 aliter,
1399 1432 1508 1469 may-

214 1491 310 1517 num
336 1480 550 1529 neyotium,
589 1480 700 1518 cuius
727 1480 874 1518 exitum
900 1492 981 1518 non
1008 1480 1224 1527 extimesco,
1262 1480 1315 1527 II,
1345 1480 1379 1528 7,
1408 1481 1433 1519 2
1462 1482 1508 1528 si,

215 1544 262 1579 ut
284 1541 434 1587 scribis,
461 1541 572 1580 bilem
597 1541 641 1579 id
664 1545 867 1580 commovet
892 1542 1080 1580 latoribus
1107 1542 1213 1592 leyis,
1241 1544 1508 1591 spectaculum

217 1605 431 1655 eyreyium,·
458 1604 510 1653 II,
538 1606 569 1652 1,
590 1604 616 1642 5
635 1617 714 1643 non
736 1605 951 1652 consulare,
971 1605 1138 1654 inquies,
1158 1605 1329 1644 dictum:
1353 1606 1508 1655 fateor,·

218 1667 284 1715 IX,
315 1668 371 1715 2²,
403 1668 421 1705 1
464 1667 770 1716 supplicandum
806 1668 958 1718 iyitur?
997 1668 1204 1714 miserum,·
1250 1667 1362 1714 XIII,
1391 1669 1453 1716 22,
1481 1669 1507 1706 4

216 1727 280 1767 De
307 1728 438 1767 Bruto
464 1732 597 1768 nostro
619 1730 881 1779 perodiosum,
912 1730 981 1769 sed
1005 1730 1088 1768 vita
1111 1729 1203 1779 fert.
1258 1730 1421 1779 Saepius
1449 1731 1507 1769 ita

217 1794 374 1841 yratwm
401 1792 559 1840 ponitur
587 1795 645 1830 est
670 1792 787 1830 verbo
815 1793 973 1841 omisso,
1011 1792 1117 1830 velut
1145 1792 1196 1829 ad
1225 1793 1307 1830 Att.
1332 1792 1398 1840 IV,
1425 1794 1461 1841 9,
1481 1794 1505 1832 2

218 1854 322 1902 quod
347 1854 516 1893 Lucceio
547 1854 683 1893 scribis
716 1857 753 1893 et
779 1855 1007 1904 aedificium·
1036 1857 1212 1893 nostrum
1246 1855 1350 1902 quod
1376 1855 1506 1893 crebro

215 1916 365 1963 invisis,
392 1919 571 1966 9ratum;
600 1916 666 1964 IV,
686 1916 749 1962 20,
769 1917 794 1955 3
823 1918 926 1965 quod
950 1916 1129 1955 Ciceroni
1147 1916 1387 1964 suppeditas,
1413 1929 1505 1965 yra-

219 1981 322 2026 tum,·
359 1978 446 2024 XII,
473 1977 536 2027 30,
567 1978 585 2015 1
629 1978 732 2028 quod
757 1977 970 2018 Lentulum
996 1979 1155 2025 invisis,
1191 1978 1303 2017 valde
1329 1981 1506 2029 9ratum;

219 2041 284 2087 VI,
311 2044 342 2088 1,
368 2041 413 2079 13
435 2041 648 2079 Hortensio
668 2042 772 2090 quod
792 2053 954 2080 causam
973 2055 1098 2080 meam
1118 2042 1371 2088 commendas,
1393 2042 1506 2080 valde

217 2106 397 2153 9ratum;
424 2103 495 2150 ΙΙΙ,
527 2104 559 2150 1,
590 2103 639 2140 12
662 2102 835 2141 Balbum
858 2104 961 2153 quod
983 2105 1044 2142 ais
1068 2106 1221 2142 mature
1240 2103 1404 2142 Romam
1426 2116 1506 2142 esse

216 2168 434 2214 venturum,
461 2165 505 2205 id
529 2165 624 2204 mihi
645 2168 878 2217 peryratum
898 2180 1050 2217 perque
1076 2166 1294 2205 iucundum
1303 2180 1316 2214 ,·
1343 2167 1394 2206 ad
1424 2167 1506 2206 Att.

218 2229 284 2276 IV,
314 2228 374 2274 15,
404 2229 422 2264 1
449 2227 514 2265 De
531 2227 754 2277 Eutychide
773 2232 941 2278 yratum,
970 2230 1039 2278 qui
1061 2241 1136 2275 —;
1163 2228 1245 2273 XV,
1275 2229 1335 2274 17,
1363 2229 1387 2265 2
1414 2241 1507 2278 yra-

220 2291 411 2329 tissimum
438 2290 542 2340 quod
561 2289 787 2339 polliceris,·
820 2290 887 2339 IV,
919 2292 979 2341 17,
1009 2294 1030 2331 3
1061 2289 1155 2329 nihil
1183 2290 1344 2339 gratius.
1399 2289 1506 2336 Quae

219 2354 396 2401 exempla
433 2353 472 2390 in
511 2363 628 2389 unum
666 2352 792 2390 locum
831 2353 994 2400 contuli,
1041 2357 1085 2389 ut
1122 2352 1280 2400 probem
1317 2352 1510 2391 inutiliter

219 2414 420 2454 addidisse
456 2413 625 2453 editores
662 2417 719 2453 est
755 2415 804 2453 ad
841 2415 924 2454 Att.
951 2413 1036 2462 XII,
1065 2413 1100 2463 6,
1129 2414 1153 2453 3
1191 2416 1315 2453 macte
1352 2415 1509 2463 virtute,

218 2478 313 2517 mihi
340 2478 496 2528 quidem
521 2480 679 2527 yratum
706 2477 782 2527 [est
804 2477 911 2527 add]
941 2480 979 2516 et
1004 2478 1078 2516 erit
1103 2478 1269 2528 yratius,
1296 2478 1341 2516 si.
1395 2477 1508 2525 Quod
