1776 2893
782 149 1042 189 -70-

264 258 418 304 nensis,
458 256 524 295 ubi
562 257 673 294 deest
703 259 821 294 eramt
854 265 1091 307 quamquam
1119 255 1256 293 modus
1285 254 1459 296 finitivus
1493 268 1561 295 an-

267 318 424 358 tecedit.

373 381 526 420 Deinde
554 379 808 429 participium
835 379 958 419 futuri
980 379 1127 429 passivi
1156 378 1219 426 (cf.
1248 392 1284 428 p.
1313 380 1382 430 51)
1411 380 1562 420 inveni-

266 452 331 484 tur
368 444 451 482 sine
488 446 583 482 sunt
622 442 673 481 ad
703 443 786 482 Att.
813 442 902 489 VII,
939 442 976 490 3,
1017 442 1064 481 12
1102 443 1274 493 rebiqua,
1311 456 1413 493 quae
1448 445 1562 492 nosti,

264 507 457 557 ferenda‚·
497 506 586 554 XII,
626 506 672 545 11
716 507 849 545 omnia
885 506 1060 545 humana
1101 505 1322 545 tolerabilia
1359 506 1562 554 ducenda,-

266 570 354 615 VII,
382 570 418 616 3,
447 569 471 607 ἵ)
500 569 629 607 exitus
654 569 700 606 in
726 569 895 608 alteram
915 571 1073 618 partem
1098 569 1224 619 mayis
1252 569 1436 608 timendi:

371 632 425 671 Et
462 632 500 671 in
538 629 822 670 exclamatione
849 643 874 669 a
901 631 1084 670 Cicerone
1122 631 1319 670 omittitur
1351 634 1471 670 sunt:
1507 632 1560 670 ad

266 695 349 733 Att.
389 695 456 743 IX,
493 694 554 743 12,
594 694 613 732 l
662 697 706 732 at
741 707 861 743 quam
895 694 1080 743 expedita
1121 697 1192 732 tua
1228 694 1394 732 consilia
1402 706 1416 741 ,·
1454 694 1561 742 XIV,

267 759 304 805 9,
336 757 355 795 1
387 770 507 807 quam
532 757 629 796 mihi
665 757 745 795 ista
765 769 844 806 pro
871 756 988 795 nihili
997 769 1010 804 ,·
1052 756 1161 797 Sicut
1187 756 1236 795 ad
1265 756 1348 795 Att.
1377 756 1407 805 I,
1447 757 1509 803 21,
1540 758 1559 796 1

266 820 453 869 legimus:
492 816 665 872 σκήψεις
693 822 811 868 atque
838 814 1056 869 ἀναβολαί,
1096 819 1152 858 sic
1180 819 1430 858 inveniuntur
1457 820 1561 869 apud

266 882 451 923 Plautum
472 882 591 921 Bach.
611 894 647 921 v.
667 882 744 922 939
777 881 880 922 Tace
897 882 1021 929 modo,
1049 881 1197 931 aliquis
1214 883 1377 931 respicit
1393 883 1511 922 deus:
1539 895 1560 921 :z

266 944 411 995 Nuyae
448 945 552 983 Trin.
581 956 615 982 v.
647 945 723 984 760
765 944 938 991 Gerrae,
979 957 1028 984 ne
1064 947 1106 983 tu
1143 945 1367 984 inveneris:
1410 944 1562 984 Gerrae

266 1007 387 1046 etiam
417 1007 528 1046 Caec.
555 1007 628 1057 frg.
660 1008 754 1056 191;
785 1008 904 1047 Andr.
935 1019 968 1047 V.
997 1007 1077 1046 224
1102 1007 1275 1056 fabulae.

375 1070 429 1108 Et
469 1070 508 1108 in
546 1070 812 1109 subordinatis
850 1081 1003 1119 quoque
1044 1070 1260 1109 enuntiatis
1297 1073 1393 1109 sunt
1429 1071 1564 1109 deesse

266 1136 397 1182 potest
425 1133 531 1181 apud
560 1132 805 1173 Ciceronem:
843 1133 893 1171 ad
922 1133 1006 1171 Att.
1035 1132 1125 1182 XII,
1152 1133 1188 1180 3,
1216 1132 1242 1171 5
1269 1146 1318 1172 ne
1345 1133 1468 1172 armis
1495 1133 1560 1172 de-

267 1199 466 1243 cernatur,
505 1209 676 1246 quorum
698 1196 827 1235 exitus
853 1209 1005 1245 semper
1030 1196 1191 1243 incerti,
1228 1209 1335 1235 nunc
1362 1197 1487 1246 magis
1514 1197 1562 1234 ti-

265 1259 398 1297 mendi
409 1272 423 1306 ,·
461 1258 509 1298 cf.
541 1260 574 1305 1,
605 1259 666 1305 17,
696 1260 739 1305 ’ἴς
766 1281 817 1285 -
845 1258 949 1306 XIV,
978 1258 1041 1307 20,
1069 1258 1094 1296 2
1114 1259 1292 1308 primum
1319 1272 1421 1308 quae
1447 1259 1494 1297 de
1520 1272 1563 1297 re

264 1334 354 1360 mea
380 1325 491 1372 yesta
518 1325 556 1360 et
581 1322 626 1360 in
652 1321 867 1368 solutione;
896 1343 945 1348 —
972 1320 1008 1365 5,
1036 1321 1060 1359 2
1088 1321 1158 1360 sed
1181 1322 1290 1360 vides
1306 1322 1563 1372 magistratus

266 1385 302 1423 si
329 1385 486 1434 quidem
502 1385 565 1424 illi
582 1385 860 1434 mayistratus;
887 1404 939 1412 -
967 1383 1069 1430 XVI,
1100 1383 1147 1423 12
1177 1384 1249 1422 etsi
1266 1384 1372 1422 varii
1388 1396 1563 1423 rumores

266 1447 467 1497 multique,
497 1447 620 1497 quod:

374 1511 484 1557 Quae
518 1521 605 1550 cum
640 1509 696 1548 ita
731 1509 810 1548 sint
843 1520 1073 1557 persuasum
1111 1509 1236 1548 habeo
1264 1509 1435 1549 editores
1469 1514 1563 1549 sunt

269 1573 412 1612 iniuria
446 1572 649 1612 addidisse
689 1572 740 1610 ad
780 1571 863 1609 Att.
898 1570 1002 1620 XVI,
1041 1572 1079 1621 8,
1110 1573 1128 1610 1
1173 1571 1240 1611 ubi
1276 1572 1373 1612 haec
1409 1572 1560 1612 tradita

266 1642 357 1676 sunt
386 1636 525 1677 verba:
553 1639 769 1683 veteranos,
798 1636 867 1684 qui
891 1634 1062 1675 Casilini
1089 1639 1127 1675 et
1149 1634 1344 1683 Calatiae,
1366 1637 1563 1685 produxit

266 1700 322 1738 ad
347 1702 510 1737 senatus
545 1699 780 1737 sententiam
806 1720 869 1735 —.
897 1697 983 1736 Non
1023 1699 1127 1736 enim
1154 1698 1278 1736 solum
1307 1698 1374 1737 ubi
1402 1698 1560 1747 praedi-

266 1766 397 1801 catum
437 1765 498 1801 est
534 1760 772 1800 adiectivum
799 1758 860 1798 vel
896 1759 1170 1808 participium,
1210 1760 1277 1799 sed
1306 1761 1374 1799 ubi
1401 1764 1462 1800 est
1490 1761 1560 1800 ad·

243 1823 442 1873 ¹,verbium
474 1824 536 1862 vel
563 1823 803 1871 praepositio
832 1833 918 1860 cum
950 1833 1041 1861 casu
1071 1823 1257 1861 omissum
1285 1826 1381 1862 sunt
1413 1822 1560 1862 inveni-

267 1896 366 1933 mus,
408 1885 516 1924 velut
544 1884 659 1924 Poen.
688 1884 755 1932 IV,
784 1884 820 1933 2,
851 1884 900 1923 13
935 1885 981 1924 in
1009 1885 1100 1924 totis
1126 1885 1288 1925 aedibus
1316 1884 1495 1925 tenebrae
1522 1887 1562 1924 et

267 1949 317 1986 ad
348 1949 429 1986 Att.
459 1948 546 1993 VII,
584 1948 648 1995 24,
691 1949 708 1985 1
739 1947 900 1987 Amoris
930 1948 1084 1998 quidem
1113 1949 1172 1987 tui
1198 1961 1352 1998 quoquo
1377 1961 1437 1987 me
1463 1949 1563 1987 verti

266 2011 442 2060 vestiqia,
471 2010 559 2058 XII,
577 2011 615 2058 5,
635 2011 661 2048 4
689 2023 778 2061 erqo
797 2011 833 2049 ei
851 2011 895 2049 in
913 2011 1064 2061 inteyro
1089 2011 1231 2057 omnia,
1260 2011 1348 2058 XII,
1367 2011 1404 2060 2,
1425 2010 1449 2049 2
1477 2011 1563 2050 ludi

266 2074 421 2112 interea
448 2073 689 2120 Praeneste;
729 2074 783 2112 ibi
810 2073 972 2111 Hirtius
1000 2076 1037 2111 et
1061 2074 1130 2111 isti
1157 2085 1297 2112 omnes.
1353 2074 1481 2122 Atque
1508 2074 1560 2112 si-

267 2141 334 2174 cut
362 2136 530 2174 vidimus
570 2148 689 2184 quam
715 2135 811 2173 mihi
837 2135 917 2173 ista
940 2147 1016 2183 pro
1042 2134 1165 2173 nihilo
1206 2135 1262 2174 sic
1289 2135 1372 2182 XV,
1401 2135 1437 2183 3,
1470 2137 1484 2172 l
1517 2136 1562 2174 in

267 2198 422 2248 maynis
447 2210 653 2237 versamur
680 2198 899 2247 anqustiis:
927 2198 999 2236 etsi
1024 2198 1104 2236 ista
1125 2198 1271 2246 parvi,·
1299 2198 1397 2246 quin
1425 2200 1462 2236 et
1477 2210 1561 2236 ma-

266 2261 356 2299 iora
383 2261 662 2299 contemninus.
717 2259 886 2309 Deniqui
914 2259 948 2298 si
975 2260 1151 2298 conferas
1179 2259 1272 2307 hos,
1300 2260 1366 2309 qui
1394 2260 1561 2299 maxime

266 2324 342 2361 huc
362 2322 573 2371 pertinent,
600 2323 723 2362 locos:
753 2322 805 2361 ad
826 2322 909 2361 Att.
930 2322 980 2371 II,
1012 2322 1073 2369 12,
1102 2323 1126 2360 2
1153 2323 1220 2361 ille
1247 2323 1323 2361 iter
1340 2321 1560 2370 Lavinium

266 2386 319 2423 ibi
358 2385 462 2423 enim
500 2385 669 2424 cohortes
707 2388 744 2423 et
770 2384 965 2423 Luceriae
1002 2388 1040 2422 et
1083 2385 1209 2423 Teani
1249 2385 1480 2434 reliquaque
1515 2386 1560 2424 in

265 2447 421 2497 Apulia
457 2450 498 2486 et
534 2447 587 2486 ad
625 2446 715 2486 fam.
755 2447 826 2495 III,
857 2447 892 2494 7,
923 2447 942 2485 1
981 2446 1129 2486 Romae
1167 2450 1204 2487 et
1228 2447 1397 2487 maxime
1422 2447 1562 2497 Appia
