1776 2893
762 151 996 191 -6-

232 258 381 298 scilicet
417 258 512 309 quia
549 258 623 297 hoc
663 257 825 298 verbum
864 258 994 298 versui
1021 257 1143 297 inseri
1168 257 1325 307 nequit,
1366 268 1406 295 es
1432 267 1525 296 vero

231 322 347 362 facile
374 322 534 361 restitui
561 324 713 371 putant.
771 322 813 361 Si
849 324 981 361 autem
1008 321 1072 361 hic
1106 334 1192 360 sum
1219 321 1355 360 deesse
1381 323 1525 369 potest,

230 388 365 435 potest
393 385 513 424 etiam
541 397 580 423 es
607 396 733 433 neque
759 384 877 423 huius
901 384 1010 423 verbi
1037 384 1286 423 restitutione
1313 383 1525 433 quidquam

231 448 455 487 lucramur:
489 447 619 487 omnia
656 448 867 496 perspicua
902 450 995 487 sunt
1028 450 1069 486 et
1105 446 1253 497 optime
1288 459 1331 486 se
1369 446 1524 486 habent.

232 510 350 550 Falso
377 511 442 551 hic
470 511 564 550 addi
593 522 632 549 es
661 509 823 549 verbum
851 513 1019 560 apparet
1046 510 1165 548 etiam
1193 521 1239 548 ex
1256 509 1333 550 Cic.
1363 511 1415 549 ad
1441 511 1523 549 Att.

231 574 299 622 IV,
327 575 363 622 6,
392 574 417 612 3
444 574 514 613 sed
538 572 616 619 ille,
644 574 689 610 ut
716 573 871 622 scripsi,
898 585 979 611 non
1003 574 1133 620 miser,
1169 584 1242 611 nos
1269 585 1357 611 vero
1382 573 1527 623 ferrei,·

231 636 339 685 XVI,
369 637 408 685 5,
437 636 462 677 5
490 639 534 676 tu
560 647 650 674 vero
676 629 856 685 ἀμύμων,
884 635 950 675 ille
978 636 1133 685 quidem
1160 629 1373 686 ἄμβροτος.

337 700 490 738 Deinde
528 711 567 737 es
605 701 712 736 recte
748 698 879 736 deest:
920 699 1020 737 Rud.
1057 710 1092 736 v.
1120 698 1198 737 222
1239 699 1335 747 quia
1372 711 1438 749 690
1463 700 1526 738 in-

233 763 377 814 dignus
403 774 508 809 sum,
548 764 591 801 tu
619 761 762 812 diynus
798 762 867 811 qui
904 762 1001 810 sies,
1036 761 1104 801 ubi
1131 761 1319 802 Fleckeis.
1367 763 1527 813 scripsit

233 827 411 877 diynu’s,·
449 827 521 865 sed
557 825 622 865 hic
658 828 793 863 nostro
820 836 937 864 sensu
979 826 1097 865 etiam
1124 825 1252 864 minus
1280 827 1529 866 desideratur

233 903 294 937 es,
332 889 426 940 quia
469 902 556 928 sum
594 887 800 927 antecedit.
856 888 988 939 Atque
1027 889 1076 928 de
1114 902 1154 928 es
1189 888 1307 928 verbo
1347 890 1526 930 addendo

234 953 386 992 desinet
424 953 599 1001 cogitare
635 952 701 1001 qui
740 951 950 991 contulerit
977 952 1075 990 Asin
1113 964 1146 990 v.
1179 952 1254 990 134
1290 965 1384 991 nam
1419 966 1527 992 mare

234 1016 344 1055 haud
379 1018 437 1054 est
469 1028 589 1054 mare.
627 1027 694 1053 vos
720 1026 830 1053 mare
858 1015 1110 1061 acerrimum,
1147 1014 1215 1052 ubi
1251 1025 1363 1054 nemo
1399 1016 1527 1055 adhuc

233 1078 406 1117 inserere
424 1078 557 1126 potuit
576 1077 677 1116 estis.
716 1077 981 1126 Opponuntur
1001 1077 1104 1116 inter
1126 1088 1169 1116 se
1195 1088 1388 1126 personae
1409 1079 1527 1117 etiam

234 1141 356 1180 Andr.
385 1134 418 1179 v.
449 1140 545 1180 285:
582 1140 759 1179 Accessi:
796 1152 862 1179 vos
898 1143 1085 1188 semotae,
1124 1152 1196 1179 nos
1230 1140 1326 1180 soli:
1361 1141 1529 1191 incipit:

234 1205 289 1243 mi
316 1204 422 1243 Trin.
450 1216 484 1242 v.
513 1204 592 1243 490
618 1202 677 1242 Di
697 1203 836 1243 divites
854 1207 958 1251 sunt,
988 1205 1078 1243 deos
1097 1204 1235 1243 decent
1252 1204 1475 1253 opulentiae
1493 1204 1510 1255 Η

234 1267 293 1307 Et
315 1267 523 1317 factiones,
550 1279 685 1306 verum
711 1279 783 1306 nos
808 1267 1035 1307 homunculi
1052 1267 1069 1317 ΙΙ
1089 1265 1269 1307 Sitellum
1296 1268 1457 1306 animai.

341 1331 552 1369 Omnino
579 1330 661 1369 hic
688 1331 1008 1369 statuendus
1037 1333 1113 1369 est
1147 1341 1286 1369 usus:
1326 1330 1527 1369 verbum

236 1393 621 1433 substantivum
649 1393 827 1432 omitti
854 1396 1036 1442 potest,
1065 1393 1106 1432 si
1132 1405 1393 1442 pronomen
1422 1406 1527 1443 per-

236 1456 423 1495 sonale
451 1457 729 1494 antecedit.
767 1455 868 1494 Tum
895 1455 993 1494 nihil
1019 1456 1269 1494 desideratur
1297 1456 1348 1494 ad
1375 1459 1529 1496 senten-

235 1519 315 1558 tiae
342 1519 688 1569 perspicuitatem;
718 1530 807 1558 nam
827 1519 922 1569 quid
942 1518 1052 1558 aliud
1072 1530 1156 1558 esse
1173 1522 1308 1569 potest
1327 1522 1369 1558 tu
1388 1520 1531 1571 diynus

236 1594 354 1632 quam
383 1585 426 1621 tu
453 1582 598 1631 dianus
626 1595 676 1629 es,
715 1595 781 1632 690
808 1583 926 1621 miser
953 1594 1070 1631 quam
1098 1595 1128 1620 e.
1156 1594 1203 1620 m.
1232 1594 1329 1628 sum,
1357 1582 1424 1621 ille
1449 1595 1532 1621 non

236 1644 354 1684 miser
381 1656 498 1695 quam
526 1645 551 1684 i.
578 1658 618 1684 n.
646 1658 694 1684 m.
725 1645 867 1695 est¹)‘?

237 1709 347 1755 Quae
375 1719 462 1747 cum
490 1709 547 1747 ita
574 1710 665 1756 sint,
692 1708 790 1747 nihil
818 1709 1087 1747 desideratur:

341 1770 458 1810 Merc.
487 1782 521 1809 v.
552 1771 628 1811 756
656 1770 785 1810 Haud
808 1770 963 1810 malasi.
993 1783 1020 1809 :2
1048 1770 1105 1810 At
1132 1774 1175 1810 tu
1201 1771 1340 1811 malus.

238 1834 306 1874 ubi
332 1833 484 1873 frustra
510 1834 696 1874 scribitur
723 1835 785 1874 vel
811 1835 943 1883 potius
970 1833 1071 1874 falso
1097 1835 1247 1874 malu's.

342 1897 494 1936 Deinde
521 1897 667 1946 integri
694 1897 939 1948 relinquendi
967 1900 1060 1937 sunt
1086 1897 1129 1937 hi
1157 1909 1316 1937 versus:

343 1960 457 2000 Truc.
487 1972 521 1999 v.
550 1960 628 2000 955
669 1960 730 2000 Tu
764 1962 1017 2012 pereyrinus‚
1056 1961 1118 2001 hic
1157 1975 1223 2012 690
1249 1961 1380 2001 habito
1409 1962 1532 2011 (-nu's

238 2023 422 2072 Schoell.)
477 2034 603 2072 neque
630 2025 933 2072 exspectandum
957 2027 1030 2072 est,
1058 2025 1165 2073 quod
1190 2023 1350 2063 verbum
1379 2023 1531 2064 finitum

237 2087 416 2138 sequitur
453 2086 495 2126 id
532 2086 650 2125 etiam
686 2088 916 2127 antecedere
955 2086 1097 2127 debere
1110 2118 1119 2136 ‚
1158 2087 1268 2127 cuius
1311 2088 1531 2128 omissionis

237 2149 364 2188 multa
391 2152 600 2188 occurrent
627 2150 811 2198 exempla.

327 2267 356 2306 1)
380 2269 427 2296 De
458 2266 624 2296 omissione
647 2266 732 2294 verbi
755 2266 940 2295 substantivi
963 2266 1044 2302 apud
1074 2266 1189 2302 iyricos
1221 2271 1326 2302 poetas
1354 2268 1420 2303 agit
1449 2267 1530 2295 Leo:

239 2322 296 2361 ‘De
320 2320 452 2348 Senecae
475 2318 642 2353 tragoediis
665 2318 894 2346 observationes
917 2313 1051 2346 criticae'
1073 2319 1144 2346 inde
1171 2328 1195 2346 a.
1222 2328 1250 2354 p.
1278 2320 1335 2347 184
1358 2321 1450 2355 atque
1472 2319 1532 2346 huc

241 2372 372 2400 maxime
395 2372 566 2408 pertinent:
603 2369 693 2398 Ovid.
720 2371 782 2399 her.
813 2371 869 2405 VI,
905 2372 965 2399 148
996 2380 1053 2398 non
1086 2371 1156 2406 quia
1177 2375 1208 2398 tu
1230 2370 1354 2407 dignus,
1389 2370 1442 2399 sed
1462 2371 1532 2406 quia

240 2425 317 2452 mitis
339 2433 401 2459 690,
425 2424 478 2452 alii
503 2423 576 2456 loci,
601 2424 652 2457 qui
678 2424 731 2450 etsi
748 2424 826 2451 alius
842 2424 943 2459 poesis
967 2424 1086 2458 generis
1102 2409 1182 2457 sunt,
1205 2427 1305 2451 tamen
1321 2423 1410 2450 nobis
1432 2427 1531 2451 osten-

239 2477 326 2511 dunt,
352 2479 502 2512 quatenus
526 2475 649 2509 linguae
674 2474 801 2502 Latinae
823 2475 974 2509 placuerit
997 2475 1071 2502 haec
1093 2475 1227 2502 lieentia.
