<?xml version="1.0" encoding="UTF-8"?>
<!DOCTYPE html PUBLIC "-//W3C//DTD XHTML 1.0 Transitional//EN"
    "http://www.w3.org/TR/xhtml1/DTD/xhtml1-transitional.dtd">
<html xmlns="http://www.w3.org/1999/xhtml" xml:lang="en" lang="en">
 <head>
  <title>
</title>
<meta http-equiv="Content-Type" content="text/html;charset=utf-8" />
  <meta name='ocr-system' content='tesseract 3.04.00' />
  <meta name='ocr-capabilities' content='ocr_page ocr_carea ocr_par ocr_line ocrx_word'/>
</head>
<body>
  <div class='ocr_page' id='page_1' title='image "4737253_0039.png"; bbox 0 0 1776 2893; ppageno 0'>
   <div class='ocr_carea' id='block_1_1' title="bbox 653 223 959 263">
    <p class='ocr_par' dir='ltr' id='par_1_1' title="bbox 653 223 959 263">
     <span class='ocr_line' id='line_1_1' title="bbox 653 223 959 263; baseline 0 -35"><span class='ocrx_word' id='word_1_1' title='bbox 653 223 959 263; x_wconf 60' lang='lat'>.—29—</span> 
     </span>
    </p>
   </div>
   <div class='ocr_carea' id='block_1_2' title="bbox 188 320 1488 2572">
    <p class='ocr_par' dir='ltr' id='par_1_2' title="bbox 188 320 1479 812">
     <span class='ocr_line' id='line_1_2' title="bbox 188 320 1475 376; baseline 0.003 -13"><span class='ocrx_word' id='word_1_2' title='bbox 188 324 255 364; x_wconf 81' lang='lat' dir='ltr'><strong>ub&#39;i</strong></span> <span class='ocrx_word' id='word_1_3' title='bbox 268 329 448 376; x_wconf 78' lang='lat' dir='ltr'><strong>repertas</strong></span> <span class='ocrx_word' id='word_1_4' title='bbox 462 329 520 366; x_wconf 76' lang='lat' dir='ltr'><strong>est</strong></span> <span class='ocrx_word' id='word_1_5' title='bbox 532 320 652 366; x_wconf 88' lang='lat' dir='ltr'>Prisc.</span> <span class='ocrx_word' id='word_1_6' title='bbox 667 327 768 376; x_wconf 88' lang='lat' dir='ltr'><strong>Reg;</strong></span> <span class='ocrx_word' id='word_1_7' title='bbox 788 329 846 366; x_wconf 80' lang='lat' dir='ltr'><strong>est</strong></span> <span class='ocrx_word' id='word_1_8' title='bbox 859 326 1113 375; x_wconf 80' lang='lat' dir='ltr'><strong>suprascript.</strong></span> <span class='ocrx_word' id='word_1_9' title='bbox 1128 325 1231 365; x_wconf 88' lang='lat' dir='ltr'><strong>Hall.</strong></span> <span class='ocrx_word' id='word_1_10' title='bbox 1248 326 1383 367; x_wconf 90' lang='lat' dir='ltr'><strong>Babm.</strong></span> <span class='ocrx_word' id='word_1_11' title='bbox 1399 330 1475 374; x_wconf 76' lang='lat' dir='ltr'><strong>m²;</strong></span> 
     </span>
     <span class='ocr_line' id='line_1_3' title="bbox 188 387 1475 429; baseline 0.001 -2"><span class='ocrx_word' id='word_1_12' title='bbox 188 387 403 429; x_wconf 89' lang='lat' dir='ltr'><strong>omiserunt</strong></span> <span class='ocrx_word' id='word_1_13' title='bbox 430 389 561 429; x_wconf 87' lang='lat' dir='ltr'><strong>ceteri.</strong></span> <span class='ocrx_word' id='word_1_14' title='bbox 616 388 695 427; x_wconf 85' lang='lat' dir='ltr'><strong>Cur</strong></span> <span class='ocrx_word' id='word_1_15' title='bbox 727 389 886 427; x_wconf 87' lang='lat' dir='ltr'><strong>tandem</strong></span> <span class='ocrx_word' id='word_1_16' title='bbox 927 388 1065 427; x_wconf 88' lang='lat' dir='ltr'><strong>scribit</strong></span> <span class='ocrx_word' id='word_1_17' title='bbox 1091 388 1204 427; x_wconf 88' lang='lat' dir='ltr'><strong>Ribb.</strong></span> <span class='ocrx_word' id='word_1_18' title='bbox 1234 390 1342 427; x_wconf 75' lang='lat' dir='ltr'><strong>-a&#39;s.9</strong></span> <span class='ocrx_word' id='word_1_19' title='bbox 1396 392 1475 428; x_wconf 89' lang='lat' dir='ltr'><strong>Aut</strong></span> 
     </span>
     <span class='ocr_line' id='line_1_4' title="bbox 189 449 1473 501; baseline 0.002 -12"><span class='ocrx_word' id='word_1_20' title='bbox 189 450 228 489; x_wconf 92' lang='lat' dir='ltr'><strong>in</strong></span> <span class='ocrx_word' id='word_1_21' title='bbox 253 453 469 501; x_wconf 55' lang='lat' dir='ltr'><strong>repertast</strong></span> <span class='ocrx_word' id='word_1_22' title='bbox 512 450 711 499; x_wconf 87' lang='lat' dir='ltr'><strong>scriptura</strong></span> <span class='ocrx_word' id='word_1_23' title='bbox 747 453 809 489; x_wconf 90' lang='lat' dir='ltr'><strong>est</strong></span> <span class='ocrx_word' id='word_1_24' title='bbox 844 449 1166 500; x_wconf 87' lang='lat' dir='ltr'><strong>acquiescendum</strong></span> <span class='ocrx_word' id='word_1_25' title='bbox 1180 481 1189 498; x_wconf 93' lang='lat'>‚</span> <span class='ocrx_word' id='word_1_26' title='bbox 1229 461 1317 489; x_wconf 90' lang='lat' dir='ltr'><strong>nam</strong></span> <span class='ocrx_word' id='word_1_27' title='bbox 1344 456 1473 500; x_wconf 88' lang='lat' dir='ltr'><strong>potest</strong></span> 
     </span>
     <span class='ocr_line' id='line_1_5' title="bbox 188 512 1470 562; baseline -0.001 -9"><span class='ocrx_word' id='word_1_28' title='bbox 188 524 274 553; x_wconf 84' lang='lat' dir='ltr'><strong>esse</strong></span> <span class='ocrx_word' id='word_1_29' title='bbox 309 513 429 553; x_wconf 87' lang='lat' dir='ltr'><strong>tertia</strong></span> <span class='ocrx_word' id='word_1_30' title='bbox 463 523 648 562; x_wconf 87' lang='lat' dir='ltr'><strong>persona,</strong></span> <span class='ocrx_word' id='word_1_31' title='bbox 688 516 759 552; x_wconf 91' lang='lat' dir='ltr'><strong>aut</strong></span> <span class='ocrx_word' id='word_1_32' title='bbox 787 516 846 553; x_wconf 81' lang='lat' dir='ltr'><strong>est</strong></span> <span class='ocrx_word' id='word_1_33' title='bbox 870 524 957 552; x_wconf 89' lang='lat' dir='ltr'><strong>cum</strong></span> <span class='ocrx_word' id='word_1_34' title='bbox 985 512 1126 551; x_wconf 86' lang='lat' dir='ltr'><strong>ceteris</strong></span> <span class='ocrx_word' id='word_1_35' title='bbox 1152 512 1264 551; x_wconf 91' lang='lat' dir='ltr'><strong>libris</strong></span> <span class='ocrx_word' id='word_1_36' title='bbox 1291 514 1470 553; x_wconf 88' lang='lat' dir='ltr'><strong>omitten-</strong></span> 
     </span>
     <span class='ocr_line' id='line_1_6' title="bbox 188 574 1478 625; baseline 0 -11"><span class='ocrx_word' id='word_1_37' title='bbox 188 576 302 624; x_wconf 90' lang='lat' dir='ltr'><strong>dum,</strong></span> <span class='ocrx_word' id='word_1_38' title='bbox 350 575 443 624; x_wconf 91' lang='lat' dir='ltr'><strong>quia</strong></span> <span class='ocrx_word' id='word_1_39' title='bbox 478 578 615 625; x_wconf 91' lang='lat' dir='ltr'><strong>postea</strong></span> <span class='ocrx_word' id='word_1_40' title='bbox 651 575 830 615; x_wconf 89' lang='lat' dir='ltr'><strong>additum</strong></span> <span class='ocrx_word' id='word_1_41' title='bbox 863 576 1019 615; x_wconf 84' lang='lat' dir='ltr'><strong>videtur</strong></span> <span class='ocrx_word' id='word_1_42' title='bbox 1052 575 1171 614; x_wconf 88' lang='lat' dir='ltr'><strong>etiam</strong></span> <span class='ocrx_word' id='word_1_43' title='bbox 1206 575 1244 613; x_wconf 93' lang='lat' dir='ltr'><strong>in</strong></span> <span class='ocrx_word' id='word_1_44' title='bbox 1272 574 1372 615; x_wconf 87' lang='lat' dir='ltr'><strong>aliis.</strong></span> <span class='ocrx_word' id='word_1_45' title='bbox 1427 576 1478 614; x_wconf 89' lang='lat' dir='ltr'><strong>Et</strong></span> 
     </span>
     <span class='ocr_line' id='line_1_7' title="bbox 189 638 1476 687; baseline -0.002 -10"><span class='ocrx_word' id='word_1_46' title='bbox 189 639 223 677; x_wconf 89' lang='lat' dir='ltr'><strong>si</strong></span> <span class='ocrx_word' id='word_1_47' title='bbox 251 638 367 677; x_wconf 90' lang='lat' dir='ltr'><strong>debet</strong></span> <span class='ocrx_word' id='word_1_48' title='bbox 394 649 478 677; x_wconf 90' lang='lat' dir='ltr'><strong>esse</strong></span> <span class='ocrx_word' id='word_1_49' title='bbox 505 638 676 677; x_wconf 90' lang='lat' dir='ltr'><strong>secunda</strong></span> <span class='ocrx_word' id='word_1_50' title='bbox 702 650 889 687; x_wconf 87' lang='lat' dir='ltr'><strong>persona,</strong></span> <span class='ocrx_word' id='word_1_51' title='bbox 917 638 958 677; x_wconf 94' lang='lat' dir='ltr'><strong>id</strong></span> <span class='ocrx_word' id='word_1_52' title='bbox 985 645 1093 677; x_wconf 87' lang='lat' dir='ltr'><strong>certo</strong></span> <span class='ocrx_word' id='word_1_53' title='bbox 1120 649 1168 676; x_wconf 92' lang='lat' dir='ltr'><strong>ex</strong></span> <span class='ocrx_word' id='word_1_54' title='bbox 1194 638 1476 676; x_wconf 86' lang='lat' dir='ltr'><strong>sententiarum</strong></span> 
     </span>
     <span class='ocr_line' id='line_1_8' title="bbox 188 699 1479 751; baseline 0 -12"><span class='ocrx_word' id='word_1_55' title='bbox 188 711 362 740; x_wconf 87' lang='lat' dir='ltr'><strong>connexu</strong></span> <span class='ocrx_word' id='word_1_56' title='bbox 399 700 637 751; x_wconf 87' lang='lat' dir='ltr'><strong>apparebat;</strong></span> <span class='ocrx_word' id='word_1_57' title='bbox 685 701 762 741; x_wconf 85' lang='lat' dir='ltr'><strong>-a&#39;s</strong></span> <span class='ocrx_word' id='word_1_58' title='bbox 797 703 929 741; x_wconf 89' lang='lat' dir='ltr'><strong>autem</strong></span> <span class='ocrx_word' id='word_1_59' title='bbox 967 699 1137 750; x_wconf 88' lang='lat' dir='ltr'><strong>formae,</strong></span> <span class='ocrx_word' id='word_1_60' title='bbox 1187 711 1287 750; x_wconf 90' lang='lat' dir='ltr'><strong>quae</strong></span> <span class='ocrx_word' id='word_1_61' title='bbox 1326 710 1479 750; x_wconf 86' lang='lat' dir='ltr'><strong>semper</strong></span> 
     </span>
     <span class='ocr_line' id='line_1_9' title="bbox 188 763 1217 812; baseline -0.001 -11"><span class='ocrx_word' id='word_1_62' title='bbox 188 763 317 811; x_wconf 90' lang='lat' dir='ltr'><strong>prima</strong></span> <span class='ocrx_word' id='word_1_63' title='bbox 344 764 547 812; x_wconf 83' lang='lat' dir='ltr'><strong>arripitur,</strong></span> <span class='ocrx_word' id='word_1_64' title='bbox 574 764 638 802; x_wconf 90' lang='lat' dir='ltr'><strong>hic</strong></span> <span class='ocrx_word' id='word_1_65' title='bbox 665 764 813 803; x_wconf 91' lang='lat' dir='ltr'><strong>nullum</strong></span> <span class='ocrx_word' id='word_1_66' title='bbox 841 767 970 802; x_wconf 89' lang='lat' dir='ltr'><strong>exstat</strong></span> <span class='ocrx_word' id='word_1_67' title='bbox 998 763 1217 812; x_wconf 87' lang='lat' dir='ltr'><strong>vestigium.</strong></span> 
     </span>
    </p>

    <p class='ocr_par' dir='ltr' id='par_1_3' title="bbox 189 825 1480 1064">
     <span class='ocr_line' id='line_1_10' title="bbox 295 825 1480 875; baseline 0 -11"><span class='ocrx_word' id='word_1_68' title='bbox 295 825 527 875; x_wconf 85' lang='lat' dir='ltr'><strong>Priusquam</strong></span> <span class='ocrx_word' id='word_1_69' title='bbox 576 826 626 864; x_wconf 89' lang='lat' dir='ltr'><strong>ad</strong></span> <span class='ocrx_word' id='word_1_70' title='bbox 668 826 873 866; x_wconf 84' lang='lat' dir='ltr'><strong>enuntiata</strong></span> <span class='ocrx_word' id='word_1_71' title='bbox 919 825 1175 865; x_wconf 87' lang='lat' dir='ltr'><strong>subordinata</strong></span> <span class='ocrx_word' id='word_1_72' title='bbox 1212 825 1480 875; x_wconf 84' lang='lat' dir='ltr'><strong>procedamus,</strong></span> 
     </span>
     <span class='ocr_line' id='line_1_11' title="bbox 189 888 1480 939; baseline 0 -12"><span class='ocrx_word' id='word_1_73' title='bbox 189 892 313 928; x_wconf 83' lang='lat' dir='ltr'><strong>restat</strong></span> <span class='ocrx_word' id='word_1_74' title='bbox 349 892 395 929; x_wconf 89' lang='lat' dir='ltr'><strong>ut</strong></span> <span class='ocrx_word' id='word_1_75' title='bbox 421 890 471 928; x_wconf 91' lang='lat' dir='ltr'><strong>de</strong></span> <span class='ocrx_word' id='word_1_76' title='bbox 497 888 545 929; x_wconf 93' lang='lat' dir='ltr'><strong>iis</strong></span> <span class='ocrx_word' id='word_1_77' title='bbox 572 889 667 929; x_wconf 89' lang='lat' dir='ltr'><strong>locis</strong></span> <span class='ocrx_word' id='word_1_78' title='bbox 694 900 879 939; x_wconf 81' lang='lat' dir='ltr'><strong>agamus,</strong></span> <span class='ocrx_word' id='word_1_79' title='bbox 916 889 983 939; x_wconf 94' lang='lat' dir='ltr'><strong>qui</strong></span> <span class='ocrx_word' id='word_1_80' title='bbox 1010 888 1329 929; x_wconf 80' lang='lat' dir='ltr'><strong>exclamationem</strong></span> <span class='ocrx_word' id='word_1_81' title='bbox 1357 900 1480 937; x_wconf 88' lang='lat' dir='ltr'><strong>quan-</strong></span> 
     </span>
     <span class='ocr_line' id='line_1_12' title="bbox 191 951 1480 1001; baseline -0.002 -10"><span class='ocrx_word' id='word_1_82' title='bbox 191 952 281 990; x_wconf 89' lang='lat' dir='ltr'><strong>dam</strong></span> <span class='ocrx_word' id='word_1_83' title='bbox 310 951 509 999; x_wconf 84' lang='lat' dir='ltr'><strong>redolent,</strong></span> <span class='ocrx_word' id='word_1_84' title='bbox 546 953 613 1000; x_wconf 90' lang='lat' dir='ltr'><strong>qui</strong></span> <span class='ocrx_word' id='word_1_85' title='bbox 640 952 736 991; x_wconf 87' lang='lat' dir='ltr'><strong>item</strong></span> <span class='ocrx_word' id='word_1_86' title='bbox 763 963 897 991; x_wconf 89' lang='lat' dir='ltr'><strong>omnes</strong></span> <span class='ocrx_word' id='word_1_87' title='bbox 924 955 1147 1001; x_wconf 86' lang='lat' dir='ltr'><strong>mutantur,</strong></span> <span class='ocrx_word' id='word_1_88' title='bbox 1175 951 1353 1001; x_wconf 88' lang='lat' dir='ltr'><strong>quamvis</strong></span> <span class='ocrx_word' id='word_1_89' title='bbox 1382 951 1480 990; x_wconf 87' lang='lat' dir='ltr'><strong>certi</strong></span> 
     </span>
     <span class='ocr_line' id='line_1_13' title="bbox 190 1014 1121 1064; baseline 0 -11"><span class='ocrx_word' id='word_1_90' title='bbox 190 1015 270 1054; x_wconf 89' lang='lat' dir='ltr'><strong>sint</strong></span> <span class='ocrx_word' id='word_1_91' title='bbox 298 1018 339 1054; x_wconf 89' lang='lat' dir='ltr'><strong>et</strong></span> <span class='ocrx_word' id='word_1_92' title='bbox 366 1026 486 1064; x_wconf 88' lang='lat' dir='ltr'><strong>supra</strong></span> <span class='ocrx_word' id='word_1_93' title='bbox 513 1026 666 1054; x_wconf 88' lang='lat' dir='ltr'><strong>omnem</strong></span> <span class='ocrx_word' id='word_1_94' title='bbox 695 1015 980 1055; x_wconf 81' lang='lat' dir='ltr'><strong>dubitationem</strong></span> <span class='ocrx_word' id='word_1_95' title='bbox 1007 1014 1121 1053; x_wconf 87' lang='lat' dir='ltr'><strong>elati:</strong></span> 
     </span>
    </p>

    <p class='ocr_par' dir='ltr' id='par_1_4' title="bbox 188 1077 1481 1253">
     <span class='ocr_line' id='line_1_14' title="bbox 296 1077 1480 1128; baseline -0.001 -12"><span class='ocrx_word' id='word_1_96' title='bbox 296 1077 411 1116; x_wconf 89' lang='lat' dir='ltr'><strong>Most.</strong></span> <span class='ocrx_word' id='word_1_97' title='bbox 431 1088 465 1116; x_wconf 80' lang='lat' dir='ltr'><strong>V.</strong></span> <span class='ocrx_word' id='word_1_98' title='bbox 484 1078 581 1118; x_wconf 85' lang='lat'>817:</span> <span class='ocrx_word' id='word_1_99' title='bbox 608 1078 694 1128; x_wconf 76' lang='lat' dir='ltr'><strong>Aye</strong></span> <span class='ocrx_word' id='word_1_100' title='bbox 710 1080 856 1127; x_wconf 76' lang='lat' dir='ltr'><strong>specta,</strong></span> <span class='ocrx_word' id='word_1_101' title='bbox 879 1081 1011 1126; x_wconf 73' lang='lat' dir='ltr'><strong>postes</strong></span> <span class='ocrx_word' id='word_1_102' title='bbox 1029 1078 1285 1127; x_wconf 80' lang='lat' dir='ltr'><strong>qaoiusmodi‚</strong></span> <span class='ocrx_word' id='word_1_103' title='bbox 1319 1077 1480 1126; x_wconf 76' lang='lat' dir='ltr'><strong>Quanta</strong></span> 
     </span>
     <span class='ocr_line' id='line_1_15' title="bbox 188 1139 1481 1191; baseline 0 -12"><span class='ocrx_word' id='word_1_104' title='bbox 188 1141 375 1190; x_wconf 77' lang='lat' dir='ltr'><strong>firmitate</strong></span> <span class='ocrx_word' id='word_1_105' title='bbox 390 1140 493 1190; x_wconf 79' lang='lat' dir='ltr'><strong>facti</strong></span> <span class='ocrx_word' id='word_1_106' title='bbox 510 1143 548 1179; x_wconf 73' lang='lat' dir='ltr'><strong>et</strong></span> <span class='ocrx_word' id='word_1_107' title='bbox 565 1143 719 1191; x_wconf 76' lang='lat' dir='ltr'><strong>quanta</strong></span> <span class='ocrx_word' id='word_1_108' title='bbox 738 1141 1009 1188; x_wconf 64' lang='lat' dir='ltr'><strong>crassitudine,</strong></span> <span class='ocrx_word' id='word_1_109' title='bbox 1036 1139 1103 1179; x_wconf 92' lang='lat' dir='ltr'><strong>ubi</strong></span> <span class='ocrx_word' id='word_1_110' title='bbox 1121 1150 1244 1188; x_wconf 78' lang='lat' dir='ltr'><strong>neme,</strong></span> <span class='ocrx_word' id='word_1_111' title='bbox 1271 1139 1481 1179; x_wconf 89' lang='lat' dir='ltr'><strong>offenditur</strong></span> 
     </span>
     <span class='ocr_line' id='line_1_16' title="bbox 190 1203 1479 1253; baseline -0.001 -11"><span class='ocrx_word' id='word_1_112' title='bbox 190 1207 285 1243; x_wconf 78' lang='lat' dir='ltr'><strong>sant</strong></span> <span class='ocrx_word' id='word_1_113' title='bbox 303 1203 411 1242; x_wconf 86' lang='lat' dir='ltr'><strong>verbi</strong></span> <span class='ocrx_word' id='word_1_114' title='bbox 430 1204 647 1252; x_wconf 87' lang='lat' dir='ltr'><strong>omissione,</strong></span> <span class='ocrx_word' id='word_1_115' title='bbox 676 1215 797 1253; x_wconf 90' lang='lat' dir='ltr'><strong>neque</strong></span> <span class='ocrx_word' id='word_1_116' title='bbox 818 1204 941 1252; x_wconf 86' lang='lat' dir='ltr'><strong>magis</strong></span> <span class='ocrx_word' id='word_1_117' title='bbox 961 1204 1076 1243; x_wconf 90' lang='lat' dir='ltr'><strong>debet</strong></span> <span class='ocrx_word' id='word_1_118' title='bbox 1095 1204 1299 1252; x_wconf 88' lang='lat' dir='ltr'><strong>quisquam</strong></span> <span class='ocrx_word' id='word_1_119' title='bbox 1319 1203 1479 1242; x_wconf 87' lang='lat' dir='ltr'><strong>offendi:</strong></span> 
     </span>
    </p>

    <p class='ocr_par' dir='ltr' id='par_1_5' title="bbox 191 1264 1482 1442">
     <span class='ocr_line' id='line_1_17' title="bbox 297 1264 1482 1316; baseline -0.001 -12"><span class='ocrx_word' id='word_1_120' title='bbox 297 1265 401 1304; x_wconf 84' lang='lat' dir='ltr'><strong>Trin.</strong></span> <span class='ocrx_word' id='word_1_121' title='bbox 431 1277 466 1304; x_wconf 82' lang='lat' dir='ltr'><strong>v.</strong></span> <span class='ocrx_word' id='word_1_122' title='bbox 495 1264 573 1305; x_wconf 84' lang='lat'><strong>536</strong></span> <span class='ocrx_word' id='word_1_123' title='bbox 602 1278 651 1305; x_wconf 79' lang='lat' dir='ltr'><strong>en</strong></span> <span class='ocrx_word' id='word_1_124' title='bbox 674 1279 781 1305; x_wconf 73' lang='lat' dir='ltr'><strong>‘rmnc</strong></span> <span class='ocrx_word' id='word_1_125' title='bbox 806 1266 879 1313; x_wconf 78' lang='lat' dir='ltr'><strong>hic,</strong></span> <span class='ocrx_word' id='word_1_126' title='bbox 908 1266 1047 1316; x_wconf 76' lang='lat' dir='ltr'><strong>quoius</strong></span> <span class='ocrx_word' id='word_1_127' title='bbox 1077 1269 1144 1313; x_wconf 75' lang='lat' dir='ltr'><strong>est,</strong></span> <span class='ocrx_word' id='word_1_128' title='bbox 1180 1265 1233 1305; x_wconf 78' lang='lat' dir='ltr'><strong>Ut</strong></span> <span class='ocrx_word' id='word_1_129' title='bbox 1256 1266 1311 1304; x_wconf 83' lang='lat' dir='ltr'><strong>ad</strong></span> <span class='ocrx_word' id='word_1_130' title='bbox 1334 1266 1482 1304; x_wconf 78' lang='lat' dir='ltr'><strong>incitas</strong></span> 
     </span>
     <span class='ocr_line' id='line_1_18' title="bbox 191 1321 1480 1379; baseline -0.001 -11"><span class='ocrx_word' id='word_1_131' title='bbox 191 1328 401 1368; x_wconf 77' lang='lat' dir='ltr'><strong>redactus!</strong></span> <span class='ocrx_word' id='word_1_132' title='bbox 445 1328 507 1379; x_wconf 92' lang='lat' dir='ltr'><strong>(R.</strong></span> <span class='ocrx_word' id='word_1_133' title='bbox 536 1328 595 1368; x_wconf 88' lang='lat' dir='ltr'><strong>ed.</strong></span> <span class='ocrx_word' id='word_1_134' title='bbox 623 1341 681 1379; x_wconf 89' lang='lat' dir='ltr'><strong>pr.</strong></span> <span class='ocrx_word' id='word_1_135' title='bbox 709 1330 895 1377; x_wconf 72' lang='lat' dir='ltr'><strong>incitast5</strong></span> <span class='ocrx_word' id='word_1_136' title='bbox 933 1329 992 1368; x_wconf 87' lang='lat' dir='ltr'><strong>ed.</strong></span> <span class='ocrx_word' id='word_1_137' title='bbox 1020 1339 1095 1369; x_wconf 91' lang='lat' dir='ltr'><strong>sec.</strong></span> <span class='ocrx_word' id='word_1_138' title='bbox 1122 1321 1349 1369; x_wconf 73' lang='lat' dir='ltr'><strong>redactast:</strong></span> <span class='ocrx_word' id='word_1_139' title='bbox 1386 1340 1480 1368; x_wconf 91' lang='lat' dir='ltr'><strong>neu-</strong></span> 
     </span>
     <span class='ocr_line' id='line_1_19' title="bbox 191 1391 1085 1442; baseline 0.001 -13"><span class='ocrx_word' id='word_1_140' title='bbox 191 1396 297 1430; x_wconf 89' lang='lat' dir='ltr'><strong>trum</strong></span> <span class='ocrx_word' id='word_1_141' title='bbox 324 1391 461 1442; x_wconf 89' lang='lat' dir='ltr'><strong>recte),</strong></span> <span class='ocrx_word' id='word_1_142' title='bbox 1081 1428 1085 1430; x_wconf 87' lang='lat'><strong>.</strong></span> 
     </span>
    </p>

    <p class='ocr_par' dir='ltr' id='par_1_6' title="bbox 194 1453 1480 1567">
     <span class='ocr_line' id='line_1_20' title="bbox 298 1453 1480 1506; baseline 0 -13"><span class='ocrx_word' id='word_1_143' title='bbox 298 1453 412 1493; x_wconf 88' lang='lat' dir='ltr'><strong>Poen.</strong></span> <span class='ocrx_word' id='word_1_144' title='bbox 440 1466 476 1494; x_wconf 87' lang='lat' dir='ltr'><strong>v.</strong></span> <span class='ocrx_word' id='word_1_145' title='bbox 508 1455 581 1494; x_wconf 86' lang='lat'><strong>139</strong></span> <span class='ocrx_word' id='word_1_146' title='bbox 618 1454 696 1494; x_wconf 79' lang='lat' dir='ltr'><strong>Pol</strong></span> <span class='ocrx_word' id='word_1_147' title='bbox 731 1467 798 1506; x_wconf 73' lang='lat' dir='ltr'><strong>eqo</strong></span> <span class='ocrx_word' id='word_1_148' title='bbox 835 1456 961 1495; x_wconf 84' lang='lat' dir='ltr'><strong>amico</strong></span> <span class='ocrx_word' id='word_1_149' title='bbox 999 1455 1090 1495; x_wconf 81' lang='lat' dir='ltr'><strong>dedi</strong></span> <span class='ocrx_word' id='word_1_150' title='bbox 1126 1455 1284 1494; x_wconf 76' lang='lat' dir='ltr'><strong>cuidam</strong></span> <span class='ocrx_word' id='word_1_151' title='bbox 1312 1467 1480 1504; x_wconf 78' lang='lat' dir='ltr'><strong>operam,</strong></span> 
     </span>
     <span class='ocr_line' id='line_1_21' title="bbox 194 1517 891 1567; baseline 0.001 -12"><span class='ocrx_word' id='word_1_152' title='bbox 194 1518 287 1556; x_wconf 82' lang='lat' dir='ltr'><strong>dam</strong></span> <span class='ocrx_word' id='word_1_153' title='bbox 314 1518 406 1555; x_wconf 78' lang='lat' dir='ltr'><strong>emit</strong></span> <span class='ocrx_word' id='word_1_154' title='bbox 430 1520 643 1567; x_wconf 75' lang='lat' dir='ltr'><strong>anyaenta.</strong></span> <span class='ocrx_word' id='word_1_155' title='bbox 672 1530 702 1556; x_wconf 93' lang='lat'><strong>::</strong></span> <span class='ocrx_word' id='word_1_156' title='bbox 739 1517 791 1557; x_wconf 80' lang='lat' dir='ltr'><strong>Ut</strong></span> <span class='ocrx_word' id='word_1_157' title='bbox 817 1519 891 1556; x_wconf 78' lang='lat' dir='ltr'><strong>cito</strong></span> 
     </span>
    </p>

    <p class='ocr_par' dir='ltr' id='par_1_7' title="bbox 298 1579 1180 1631">
     <span class='ocr_line' id='line_1_22' title="bbox 298 1579 1180 1631; baseline 0.001 -13"><span class='ocrx_word' id='word_1_158' title='bbox 298 1579 411 1618; x_wconf 86' lang='lat' dir='ltr'><strong>Haec</strong></span> <span class='ocrx_word' id='word_1_159' title='bbox 440 1580 699 1619; x_wconf 77' lang='lat' dir='ltr'><strong>commentas!</strong></span> <span class='ocrx_word' id='word_1_160' title='bbox 750 1580 912 1631; x_wconf 80' lang='lat' dir='ltr'><strong>Ecquid</strong></span> <span class='ocrx_word' id='word_1_161' title='bbox 939 1583 974 1620; x_wconf 81' lang='lat' dir='ltr'><strong>te</strong></span> <span class='ocrx_word' id='word_1_162' title='bbox 994 1579 1150 1630; x_wconf 74' lang='lat' dir='ltr'><strong>pudet?</strong></span> <span class='ocrx_word' id='word_1_163' title='bbox 1178 1596 1180 1598; x_wconf 95' lang='lat'>·</span> 
     </span>
    </p>

    <p class='ocr_par' dir='ltr' id='par_1_8' title="bbox 194 1642 1487 2192">
     <span class='ocr_line' id='line_1_23' title="bbox 299 1642 1480 1691; baseline 0 -10"><span class='ocrx_word' id='word_1_164' title='bbox 299 1642 365 1681; x_wconf 94' lang='lat' dir='ltr'><strong>ubi</strong></span> <span class='ocrx_word' id='word_1_165' title='bbox 394 1642 580 1691; x_wconf 89' lang='lat' dir='ltr'><strong>Geppert.</strong></span> <span class='ocrx_word' id='word_1_166' title='bbox 607 1643 763 1691; x_wconf 88' lang='lat' dir='ltr'><strong>quidem</strong></span> <span class='ocrx_word' id='word_1_167' title='bbox 792 1643 929 1683; x_wconf 87' lang='lat' dir='ltr'><strong>scribit</strong></span> <span class='ocrx_word' id='word_1_168' title='bbox 958 1646 1210 1682; x_wconf 78' lang='lat' dir='ltr'><strong>commentust</strong></span> <span class='ocrx_word' id='word_1_169' title='bbox 1218 1656 1232 1691; x_wconf 91' lang='lat'><strong>‚·</strong></span> <span class='ocrx_word' id='word_1_170' title='bbox 1267 1646 1324 1682; x_wconf 80' lang='lat' dir='ltr'><strong>est</strong></span> <span class='ocrx_word' id='word_1_171' title='bbox 1350 1645 1480 1682; x_wconf 88' lang='lat' dir='ltr'><strong>autem</strong></span> 
     </span>
     <span class='ocr_line' id='line_1_24' title="bbox 194 1705 1484 1756; baseline 0.001 -13"><span class='ocrx_word' id='word_1_172' title='bbox 194 1715 356 1754; x_wconf 89' lang='lat' dir='ltr'><strong>prorsus</strong></span> <span class='ocrx_word' id='word_1_173' title='bbox 382 1715 711 1754; x_wconf 88' lang='lat' dir='ltr'><strong>supervacaneum</strong></span> <span class='ocrx_word' id='word_1_174' title='bbox 748 1709 811 1745; x_wconf 91' lang='lat' dir='ltr'><strong>est</strong></span> <span class='ocrx_word' id='word_1_175' title='bbox 847 1709 888 1745; x_wconf 91' lang='lat' dir='ltr'><strong>et</strong></span> <span class='ocrx_word' id='word_1_176' title='bbox 913 1717 1101 1756; x_wconf 87' lang='lat' dir='ltr'><strong>quaerere</strong></span> <span class='ocrx_word' id='word_1_177' title='bbox 1138 1705 1323 1745; x_wconf 91' lang='lat' dir='ltr'><strong>debemus</strong></span> <span class='ocrx_word' id='word_1_178' title='bbox 1350 1709 1484 1744; x_wconf 80' lang='lat' dir='ltr'><strong>utrum</strong></span> 
     </span>
     <span class='ocr_line' id='line_1_25' title="bbox 197 1767 1485 1818; baseline 0 -12"><span class='ocrx_word' id='word_1_179' title='bbox 197 1770 253 1806; x_wconf 81' lang='lat' dir='ltr'><strong>est</strong></span> <span class='ocrx_word' id='word_1_180' title='bbox 279 1779 329 1806; x_wconf 91' lang='lat' dir='ltr'><strong>an</strong></span> <span class='ocrx_word' id='word_1_181' title='bbox 357 1780 397 1806; x_wconf 88' lang='lat' dir='ltr'><strong>es</strong></span> <span class='ocrx_word' id='word_1_182' title='bbox 423 1767 583 1806; x_wconf 88' lang='lat' dir='ltr'><strong>verbum</strong></span> <span class='ocrx_word' id='word_1_183' title='bbox 612 1768 847 1818; x_wconf 84' lang='lat' dir='ltr'><strong>cogitatione</strong></span> <span class='ocrx_word' id='word_1_184' title='bbox 883 1768 1140 1818; x_wconf 88' lang='lat' dir='ltr'><strong>supplendum</strong></span> <span class='ocrx_word' id='word_1_185' title='bbox 1176 1768 1239 1807; x_wconf 91' lang='lat' dir='ltr'><strong>sit.</strong></span> <span class='ocrx_word' id='word_1_186' title='bbox 1294 1768 1485 1817; x_wconf 87' lang='lat' dir='ltr'><strong>Equidem</strong></span> 
     </span>
     <span class='ocr_line' id='line_1_26' title="bbox 195 1830 1486 1880; baseline 0.001 -12"><span class='ocrx_word' id='word_1_187' title='bbox 195 1833 357 1879; x_wconf 87' lang='lat' dir='ltr'><strong>propter</strong></span> <span class='ocrx_word' id='word_1_188' title='bbox 392 1830 598 1879; x_wconf 89' lang='lat' dir='ltr'><strong>sequentia</strong></span> <span class='ocrx_word' id='word_1_189' title='bbox 625 1831 745 1870; x_wconf 91' lang='lat' dir='ltr'><strong>verba</strong></span> <span class='ocrx_word' id='word_1_190' title='bbox 781 1835 821 1870; x_wconf 90' lang='lat' dir='ltr'><strong>et</strong></span> <span class='ocrx_word' id='word_1_191' title='bbox 848 1831 927 1870; x_wconf 90' lang='lat' dir='ltr'><strong>alia</strong></span> <span class='ocrx_word' id='word_1_192' title='bbox 954 1831 1099 1870; x_wconf 89' lang='lat' dir='ltr'><strong>similia</strong></span> <span class='ocrx_word' id='word_1_193' title='bbox 1125 1831 1303 1880; x_wconf 87' lang='lat' dir='ltr'><strong>exempla</strong></span> <span class='ocrx_word' id='word_1_194' title='bbox 1329 1830 1486 1880; x_wconf 90' lang='lat' dir='ltr'><strong>supple-</strong></span> 
     </span>
     <span class='ocr_line' id='line_1_27' title="bbox 195 1893 1485 1944; baseline 0 -13"><span class='ocrx_word' id='word_1_195' title='bbox 195 1893 317 1932; x_wconf 88' lang='lat' dir='ltr'><strong>verim</strong></span> <span class='ocrx_word' id='word_1_196' title='bbox 346 1893 555 1932; x_wconf 91' lang='lat' dir='ltr'><strong>secundam</strong></span> <span class='ocrx_word' id='word_1_197' title='bbox 583 1905 807 1943; x_wconf 80' lang='lat' dir='ltr'><strong>personam3</strong></span> <span class='ocrx_word' id='word_1_198' title='bbox 844 1894 980 1944; x_wconf 90' lang='lat' dir='ltr'><strong>utique</strong></span> <span class='ocrx_word' id='word_1_199' title='bbox 1018 1898 1078 1933; x_wconf 85' lang='lat' dir='ltr'><strong>est</strong></span> <span class='ocrx_word' id='word_1_200' title='bbox 1112 1894 1357 1933; x_wconf 88' lang='lat' dir='ltr'><strong>enuntiatum</strong></span> <span class='ocrx_word' id='word_1_201' title='bbox 1398 1904 1485 1942; x_wconf 90' lang='lat' dir='ltr'><strong>per-</strong></span> 
     </span>
     <span class='ocr_line' id='line_1_28' title="bbox 196 1955 1486 2006; baseline 0 -12"><span class='ocrx_word' id='word_1_202' title='bbox 196 1955 375 2005; x_wconf 89' lang='lat' dir='ltr'><strong>spicuum</strong></span> <span class='ocrx_word' id='word_1_203' title='bbox 403 1955 528 1995; x_wconf 85' lang='lat' dir='ltr'><strong>cuivis</strong></span> <span class='ocrx_word' id='word_1_204' title='bbox 554 1956 743 1996; x_wconf 88' lang='lat' dir='ltr'><strong>audienti.</strong></span> <span class='ocrx_word' id='word_1_205' title='bbox 796 1956 877 1995; x_wconf 92' lang='lat' dir='ltr'><strong>Nos</strong></span> <span class='ocrx_word' id='word_1_206' title='bbox 904 1956 1091 1996; x_wconf 88' lang='lat' dir='ltr'><strong>debemus</strong></span> <span class='ocrx_word' id='word_1_207' title='bbox 1127 1956 1191 1996; x_wconf 91' lang='lat' dir='ltr'><strong>hic</strong></span> <span class='ocrx_word' id='word_1_208' title='bbox 1219 1967 1371 2006; x_wconf 92' lang='lat' dir='ltr'><strong>quoque</strong></span> <span class='ocrx_word' id='word_1_209' title='bbox 1398 1966 1486 1994; x_wconf 92' lang='lat' dir='ltr'><strong>sen—</strong></span> 
     </span>
     <span class='ocr_line' id='line_1_29' title="bbox 196 2018 1487 2069; baseline 0 -12"><span class='ocrx_word' id='word_1_210' title='bbox 196 2018 271 2057; x_wconf 90' lang='lat' dir='ltr'><strong>tire</strong></span> <span class='ocrx_word' id='word_1_211' title='bbox 298 2018 449 2066; x_wconf 88' lang='lat' dir='ltr'><strong>Latine,</strong></span> <span class='ocrx_word' id='word_1_212' title='bbox 479 2029 551 2057; x_wconf 91' lang='lat' dir='ltr'><strong>non</strong></span> <span class='ocrx_word' id='word_1_213' title='bbox 581 2018 693 2058; x_wconf 88' lang='lat' dir='ltr'><strong>anxie</strong></span> <span class='ocrx_word' id='word_1_214' title='bbox 720 2019 894 2068; x_wconf 85' lang='lat' dir='ltr'><strong>cogitare</strong></span> <span class='ocrx_word' id='word_1_215' title='bbox 921 2031 968 2058; x_wconf 85' lang='lat' dir='ltr'><strong>ea</strong></span> <span class='ocrx_word' id='word_1_216' title='bbox 996 2020 1168 2068; x_wconf 85' lang='lat' dir='ltr'><strong>ratione,</strong></span> <span class='ocrx_word' id='word_1_217' title='bbox 1207 2030 1323 2069; x_wconf 88' lang='lat' dir='ltr'><strong>quam</strong></span> <span class='ocrx_word' id='word_1_218' title='bbox 1352 2022 1487 2057; x_wconf 89' lang='lat' dir='ltr'><strong>nostra</strong></span> 
     </span>
     <span class='ocr_line' id='line_1_30' title="bbox 197 2080 1486 2132; baseline 0.001 -13"><span class='ocrx_word' id='word_1_219' title='bbox 197 2080 332 2131; x_wconf 86' lang='lat' dir='ltr'><strong>lingua</strong></span> <span class='ocrx_word' id='word_1_220' title='bbox 359 2081 470 2120; x_wconf 92' lang='lat' dir='ltr'><strong>nobis</strong></span> <span class='ocrx_word' id='word_1_221' title='bbox 496 2081 671 2131; x_wconf 86' lang='lat' dir='ltr'><strong>praebet.</strong></span> <span class='ocrx_word' id='word_1_222' title='bbox 726 2082 800 2122; x_wconf 90' lang='lat' dir='ltr'><strong>Illa</strong></span> <span class='ocrx_word' id='word_1_223' title='bbox 819 2082 974 2130; x_wconf 87' lang='lat' dir='ltr'><strong>similia,</strong></span> <span class='ocrx_word' id='word_1_224' title='bbox 1002 2083 1051 2122; x_wconf 91' lang='lat' dir='ltr'><strong>de</strong></span> <span class='ocrx_word' id='word_1_225' title='bbox 1078 2083 1218 2132; x_wconf 92' lang='lat' dir='ltr'><strong>quibus</strong></span> <span class='ocrx_word' id='word_1_226' title='bbox 1237 2081 1330 2129; x_wconf 87' lang='lat' dir='ltr'><strong>dixi,</strong></span> <span class='ocrx_word' id='word_1_227' title='bbox 1358 2092 1486 2120; x_wconf 89' lang='lat' dir='ltr'><strong>exem-</strong></span> 
     </span>
     <span class='ocr_line' id='line_1_31' title="bbox 196 2143 402 2192; baseline 0 -10"><span class='ocrx_word' id='word_1_228' title='bbox 196 2143 264 2192; x_wconf 86' lang='lat' dir='ltr'><strong>pla</strong></span> <span class='ocrx_word' id='word_1_229' title='bbox 291 2147 402 2182; x_wconf 87' lang='lat' dir='ltr'><strong>sunt:</strong></span> 
     </span>
    </p>

    <p class='ocr_par' dir='ltr' id='par_1_9' title="bbox 302 2205 1309 2258">
     <span class='ocr_line' id='line_1_32' title="bbox 302 2205 1309 2258; baseline 0.001 -14"><span class='ocrx_word' id='word_1_230' title='bbox 302 2205 385 2245; x_wconf 90' lang='lat' dir='ltr'><strong>Mil.</strong></span> <span class='ocrx_word' id='word_1_231' title='bbox 414 2217 449 2245; x_wconf 89' lang='lat' dir='ltr'><strong>v.</strong></span> <span class='ocrx_word' id='word_1_232' title='bbox 479 2206 578 2245; x_wconf 83' lang='lat'>1227</span> <span class='ocrx_word' id='word_1_233' title='bbox 615 2205 667 2246; x_wconf 79' lang='lat' dir='ltr'><strong>Ut</strong></span> <span class='ocrx_word' id='word_1_234' title='bbox 693 2209 736 2246; x_wconf 80' lang='lat' dir='ltr'><strong>ta</strong></span> <span class='ocrx_word' id='word_1_235' title='bbox 761 2207 938 2247; x_wconf 78' lang='lat' dir='ltr'><strong>inclutas</strong></span> <span class='ocrx_word' id='word_1_236' title='bbox 966 2208 1078 2258; x_wconf 77' lang='lat' dir='ltr'><strong>apud</strong></span> <span class='ocrx_word' id='word_1_237' title='bbox 1102 2207 1309 2247; x_wconf 78' lang='lat' dir='ltr'><strong>mulieres!</strong></span> 
     </span>
    </p>

    <p class='ocr_par' dir='ltr' id='par_1_10' title="bbox 199 2268 1488 2382">
     <span class='ocr_line' id='line_1_33' title="bbox 304 2268 1488 2319; baseline 0 -11"><span class='ocrx_word' id='word_1_238' title='bbox 304 2269 371 2319; x_wconf 92' lang='lat' dir='ltr'><strong>qui</strong></span> <span class='ocrx_word' id='word_1_239' title='bbox 407 2280 543 2309; x_wconf 89' lang='lat' dir='ltr'><strong>versus</strong></span> <span class='ocrx_word' id='word_1_240' title='bbox 580 2268 796 2309; x_wconf 85' lang='lat' dir='ltr'><strong>rectissime</strong></span> <span class='ocrx_word' id='word_1_241' title='bbox 833 2270 1006 2309; x_wconf 87' lang='lat' dir='ltr'><strong>traditur</strong></span> <span class='ocrx_word' id='word_1_242' title='bbox 1033 2273 1074 2309; x_wconf 87' lang='lat' dir='ltr'><strong>et</strong></span> <span class='ocrx_word' id='word_1_243' title='bbox 1109 2270 1228 2310; x_wconf 89' lang='lat' dir='ltr'><strong>etiam</strong></span> <span class='ocrx_word' id='word_1_244' title='bbox 1256 2269 1400 2309; x_wconf 85' lang='lat' dir='ltr'><strong>certior</strong></span> <span class='ocrx_word' id='word_1_245' title='bbox 1428 2274 1488 2308; x_wconf 90' lang='lat' dir='ltr'><strong>est</strong></span> 
     </span>
     <span class='ocr_line' id='line_1_34' title="bbox 199 2332 1234 2382; baseline 0.002 -12"><span class='ocrx_word' id='word_1_246' title='bbox 199 2336 361 2381; x_wconf 85' lang='lat' dir='ltr'><strong>propter</strong></span> <span class='ocrx_word' id='word_1_247' title='bbox 387 2332 621 2372; x_wconf 88' lang='lat' dir='ltr'><strong>antecedens</strong></span> <span class='ocrx_word' id='word_1_248' title='bbox 648 2343 887 2381; x_wconf 68' lang='lat' dir='ltr'><strong>pronomem·</strong></span> <span class='ocrx_word' id='word_1_249' title='bbox 923 2333 976 2372; x_wconf 91' lang='lat' dir='ltr'><strong>Et</strong></span> <span class='ocrx_word' id='word_1_250' title='bbox 1002 2333 1093 2374; x_wconf 89' lang='lat' dir='ltr'><strong>vide</strong></span> <span class='ocrx_word' id='word_1_251' title='bbox 1119 2344 1234 2382; x_wconf 90' lang='lat' dir='ltr'><strong>porro</strong></span> 
     </span>
    </p>

    <p class='ocr_par' dir='ltr' id='par_1_11' title="bbox 198 2394 1487 2572">
     <span class='ocr_line' id='line_1_35' title="bbox 304 2394 1487 2444; baseline 0 -10"><span class='ocrx_word' id='word_1_252' title='bbox 304 2394 406 2435; x_wconf 91' lang='lat' dir='ltr'><strong>Men.</strong></span> <span class='ocrx_word' id='word_1_253' title='bbox 433 2407 468 2434; x_wconf 86' lang='lat' dir='ltr'><strong>v.</strong></span> <span class='ocrx_word' id='word_1_254' title='bbox 496 2394 574 2435; x_wconf 86' lang='lat'><strong>815</strong></span> <span class='ocrx_word' id='word_1_255' title='bbox 612 2394 704 2434; x_wconf 85' lang='lat' dir='ltr'><strong>Iam</strong></span> <span class='ocrx_word' id='word_1_256' title='bbox 738 2408 848 2444; x_wconf 78' lang='lat' dir='ltr'><strong>vero,</strong></span> <span class='ocrx_word' id='word_1_257' title='bbox 885 2396 1141 2436; x_wconf 75' lang='lat' dir='ltr'><strong>Menaechme</strong></span> <span class='ocrx_word' id='word_1_258' title='bbox 1176 2397 1275 2436; x_wconf 79' lang='lat' dir='ltr'><strong>satis</strong></span> <span class='ocrx_word' id='word_1_259' title='bbox 1313 2397 1487 2435; x_wconf 77' lang='lat' dir='ltr'><strong>iocatus:</strong></span> 
     </span>
     <span class='ocr_line' id='line_1_36' title="bbox 198 2458 1486 2511; baseline 0 -14"><span class='ocrx_word' id='word_1_260' title='bbox 198 2470 306 2498; x_wconf 76' lang='lat' dir='ltr'><strong>nanc</strong></span> <span class='ocrx_word' id='word_1_261' title='bbox 341 2458 444 2498; x_wconf 77' lang='lat' dir='ltr'><strong>hanc</strong></span> <span class='ocrx_word' id='word_1_262' title='bbox 479 2472 562 2499; x_wconf 84' lang='lat' dir='ltr'><strong>rem</strong></span> <span class='ocrx_word' id='word_1_263' title='bbox 587 2472 685 2511; x_wconf 75' lang='lat' dir='ltr'><strong>yere.</strong></span> <span class='ocrx_word' id='word_1_264' title='bbox 748 2459 816 2499; x_wconf 91' lang='lat' dir='ltr'><strong>ubi</strong></span> <span class='ocrx_word' id='word_1_265' title='bbox 852 2459 926 2499; x_wconf 90' lang='lat' dir='ltr'><strong>viri</strong></span> <span class='ocrx_word' id='word_1_266' title='bbox 962 2460 1070 2500; x_wconf 89' lang='lat' dir='ltr'><strong>docti</strong></span> <span class='ocrx_word' id='word_1_267' title='bbox 1111 2463 1266 2499; x_wconf 89' lang='lat' dir='ltr'><strong>mutant</strong></span> <span class='ocrx_word' id='word_1_268' title='bbox 1305 2460 1343 2498; x_wconf 94' lang='lat' dir='ltr'><strong>in</strong></span> <span class='ocrx_word' id='word_1_269' title='bbox 1381 2460 1486 2507; x_wconf 81' lang='lat' dir='ltr'><strong>—ta’s‚</strong></span> 
     </span>
     <span class='ocr_line' id='line_1_37' title="bbox 200 2521 1486 2572; baseline 0.001 -11"><span class='ocrx_word' id='word_1_270' title='bbox 200 2531 435 2572; x_wconf 88' lang='lat' dir='ltr'><strong>quamquam</strong></span> <span class='ocrx_word' id='word_1_271' title='bbox 482 2523 626 2562; x_wconf 88' lang='lat' dir='ltr'><strong>debent</strong></span> <span class='ocrx_word' id='word_1_272' title='bbox 672 2522 863 2562; x_wconf 90' lang='lat' dir='ltr'><strong>intactum</strong></span> <span class='ocrx_word' id='word_1_273' title='bbox 910 2523 1130 2572; x_wconf 90' lang='lat' dir='ltr'><strong>relinquere</strong></span> <span class='ocrx_word' id='word_1_274' title='bbox 1176 2523 1281 2562; x_wconf 91' lang='lat' dir='ltr'><strong>Asin.</strong></span> <span class='ocrx_word' id='word_1_275' title='bbox 1327 2534 1363 2563; x_wconf 81' lang='lat' dir='ltr'><strong>v.</strong></span> <span class='ocrx_word' id='word_1_276' title='bbox 1409 2521 1486 2562; x_wconf 86' lang='lat'><strong>648</strong></span> 
     </span>
    </p>
   </div>
  </div>
 </body>
</html>
