1776 2893
704 192 965 231 -33-

265 325 268 331 Δ
298 299 398 339 male
415 298 640 349 moriyerus.
662 297 1029 347 malefaeis‘mihi,
1058 308 1172 348 quom
1194 297 1481 339 'sermoni'huic

198 362 371 402 absonas.
853 395 857 398 ⁴
1238 361 1240 363 ’
1287 387 1289 389 -
1472 372 1482 377 ”

299 425 335 463 Α
349 424 485 463 habet:
508 423 612 462 Tace
629 423 735 472 Quid
751 426 817 462 est.
840 423 1072 472 Malefaeis
1084 423 1190 470 mihi,
1211 436 1310 472 qum
1325 422 1371 464 Rss
1400 425 1484 464 Vah

195 488 296 527 male
322 487 550 538 moriqeru’s
568 485 715 525 frustra
735 485 904 535 scripsit,
933 496 1021 527 nam
1040 484 1104 524 hic
1122 484 1354 525 haberemus
1372 487 1487 535 idem,

198 550 301 601 quod
329 549 410 588 Mil.
438 562 474 588 v.
489 548 581 588 984
607 547 694 596 vah,
723 548 925 587 delicatus.
977 547 1023 585 In
1053 547 1197 586 veteris
1216 547 1347 586 autem
1367 549 1489 597 scrip-

197 616 289 651 tura
333 612 435 652 male
475 611 689 661 moriyerus
724 610 845 649 verba
882 610 1026 649 nimine
1064 622 1088 648 a
1132 612 1216 649 tace
1258 610 1490 659 imperativo

198 675 479 724 disiunguntur
515 673 720 712 interiecta
746 672 1050 722 interrogatione
1079 673 1175 722 quid
1201 675 1274 720 est,
1313 682 1401 711 nam
1430 673 1493 712 hic

195 737 382 777 habemus
409 736 582 776 homines
611 735 872 785 colloquentes
900 735 1003 773 inter
1030 746 1083 774 se.

303 800 417 838 Truc.
437 811 474 838 v.
494 799 571 838 912
597 799 705 837 mitte
723 811 793 846 me,
815 799 996 848 inquam,
1026 798 1181 837 odiosus
1200 797 1362 837 Schoell.
1392 793 1492 854 5u's'

303 861 384 901 Mil.
413 873 448 901 v.
480 861 579 900 1409
607 861 796 912 Loquere,
834 862 1011 901 nondum
1038 861 1154 900 nihili
1178 862 1334 911 faetus;

301 925 405 974 quod
433 926 479 964 R.
508 925 667 973 scripsit
702 925 794 964 dum
830 937 909 963 non
939 924 1057 963 nihili
1081 925 1228 974 faetu’s
1260 925 1365 963 haud
1394 936 1491 974 opus

197 989 282 1034 est;
309 991 349 1025 et
377 999 424 1026 ne
451 987 508 1027 sic
535 987 689 1037 quidem
716 987 872 1037 faetw’s.
888 986 1084 1026 scribatur
1111 997 1267 1026 necesse
1296 988 1357 1026 sit.
1414 987 1488 1026 Ne·

196 1061 271 1099 que
298 1049 466 1089 alienum
495 1054 556 1090 est
584 1061 886 1090 commemorare
913 1049 1023 1089 Gaec.
1052 1050 1152 1090 Stat.
1182 1049 1255 1099 frg.
1284 1050 1355 1089 34:

300 1112 392 1151 Iam
417 1126 476 1152 me
495 1113 592 1152 adeo
619 1116 767 1160 manta,
795 1113 876 1151 iam
902 1113 971 1151 hoc
991 1113 1089 1160 vide,
1120 1124 1284 1160 eaecus;
1312 1113 1488 1152 animum

197 1174 389 1214 adventus
416 1176 537 1227 anyit.
593 1175 704 1216 Ribb.
731 1175 848 1215 falso:
882 1175 993 1214 vide:
1021 1175 1181 1222 caeeu’s,
1211 1186 1300 1213 nam
1329 1188 1369 1214 es
1397 1187 1484 1215 ver-

197 1236 289 1276 bum
310 1249 434 1287 neque
453 1238 527 1278 hoc
556 1238 638 1279 loco
657 1250 780 1289 neque
799 1238 877 1277 illis
897 1238 1163 1288 superioribus
1183 1237 1485 1277 desiderandum

196 1303 256 1338 est
283 1303 324 1338 et
351 1302 604 1341 removendus
632 1300 767 1350 procul
794 1300 861 1340 ille
889 1300 1067 1340 circulus.

300 1362 411 1402 Nunc
445 1367 687 1403 transeamus
727 1365 778 1403 ad
813 1363 1019 1402 enuntiata
1058 1363 1314 1402 subordinate
1351 1367 1393 1402 et
1429 1365 1486 1402 in-

198 1425 389 1474 cipiamus
416 1438 440 1465 a
468 1426 662 1466 relativis:

301 1488 402 1527 Men.
431 1501 466 1527 v.
486 1489 559 1528 291
575 1500 583 1527 ε
612 1488 720 1528 Nam
735 1489 910 1539 equidem
928 1490 1113 1528 insanum
1129 1501 1209 1527 esse
1226 1491 1260 1527 te
1280 1491 1382 1527 certo
1396 1490 1488 1536 seio,

304 1551 381 1600 Qui
405 1552 501 1591 mihi
526 1552 708 1592 molestus
735 1552 881 1591 homini
906 1552 1036 1603 iynoto
1064 1551 1242 1601 quisquis
1269 1565 1318 1591 es.

302 1613 377 1654 Vix
416 1615 619 1664 quisquam
661 1615 725 1654 hic
759 1614 877 1653 verba
905 1614 1146 1653 coniunxerit
1182 1614 1256 1653 sic:
1299 1615 1368 1664 qui
1393 1615 1489 1654 mihi

196 1675 377 1715 molestus
404 1689 443 1716 es
470 1678 658 1727 quisquis,
687 1678 755 1718 sed
790 1677 920 1726 potius
947 1677 1051 1726 apud
1079 1677 1262 1716 molestus
1289 1677 1488 1716 omittitur

199 1751 260 1785 es;
287 1749 404 1786 quam
430 1740 478 1779 ob
504 1745 588 1779 'rem
606 1740 656 1789 5ii,
684 1741 750 1789 qui
778 1740 907 1779 omitti
936 1750 1009 1777 non
1038 1750 1151 1787 posse
1179 1740 1253 1778 sibi
1280 1747 1488 1789 'persuase-

198 1800 298 1850 rint,
336 1801 512 1842 scribunt
537 1802 741 1854 molestu's.
781 1801 893 1841 Mihi
911 1819 915 1823 ¹
930 1801 1088 1851 quidem
1116 1801 1187 1840 hoc
1214 1813 1337 1852 genus
1365 1814 1488 1842 enun-

198 1862 384 1902 tiatorum
413 1876 484 1905 non
513 1865 581 1905 ita*
598 1866 798 1906 diversum
831 1876 915 1904 esse
943 1864 1124 1913 videatur
1151 1865 1199 1903 ab
1228 1864 1295 1903 illo
1323 1868 1366 1903 tu
1392 1865 1488 1904 mihi

197 1925 380 1966 molestus
407 1926 474 1967 ubi
490 1930 595 1969 certe
623 1941 669 1968 es·
682 1927 896 1974 omittitur,
924 1939 1014 1967 nam
1043 1928 1111 1978 qui
1137 1927 1199 1967 hic
1227 1932 1287 1966 est
1308 1932 1485 1967 nostrum

199 1988 360 2040 der-idn.
388 1983 390 1985 ’
413 1990 466 2029 Et
492 1991 581 2030 vide
609 1991 854 2040 quothuius
874 1990 1027 2040 generis
1055 1993 1210 2030 exstent
1237 1990 1433 2039 exempla:
1480 1997 1482 1999 “

302 2051 385 2091 Mil.
413 2064 448 2092 v.
477 2052 554 2092 825
591 2053 681 2093 Eho
708 2057 751 2093 tu
777 2053 943 2101 sceleste,
972 2054 1040 2103 qui
1068 2053 1128 2092 illi
1153 2065 1376 2102 supromus;
1396 2053 1486 2092 eho.

301 2114 404 2154 Men.
423 2128 466 2157 ¹v.
495 2116 572 2155 922
616 2116 818 2164 Tussistic,
858 2117 926 2166 qui
960 2117 1055 2155 mihi
1082 2116 1217 2155 Etiam
1252 2129 1310 2154 me
1336 2117 1485 2155 iunctis

198 2177 402 2228 quadriyis
428 2179 635 2218 minitatus
652 2182 913 2228 prosternere.

301 2239 384 2280 Mil.
412 2252 446 2280 V.
464 2241 552 2281 472
578 2241 733 2292 Edepol
758 2255 808 2281 ne
836 2245 879 2282 tu
901 2242 969 2282 tibi
987 2242 1134 2281 malam
1152 2255 1234 2281 rem
1259 2242 1482 2291 repperisti,

302 2324 352 2331 -
383 2304 489 2353 Quid
507 2304 619 2343 iam?
647 2317 674 2343 z:
704 2306 772 2355 qui
798 2306 901 2345 hanc
923 2306 1115 2357 attinyere
1143 2317 1266 2344 ausus
1283 2304 1484 2343 mulierem

304 2365 371 2405 ubi
398 2367 504 2416 apud
532 2381 654 2407 ausus
680 2367 895 2418 perfectum
915 2369 1050 2408 deesse
1078 2381 1118 2407 es
1137 2367 1296 2406 verbum
1325 2367 1484 2406 minime

197 2427 386 2474 miramur
402 2431 450 2477 ¹).

284 2513 313 2552 1)
335 2513 426 2544 Ovid.
450 2515 540 2544 Trist.
564 2516 602 2552 V,
625 2519 654 2552 4,
680 2517 718 2544 25
740 2521 766 2544 te
789 2517 841 2552 qui
861 2517 1012 2545 comitatus
1038 2516 1165 2544 Omten.

1209 2570 1230 2603 3
