1776 2893
796 175 847 181 -
903 153 1059 193 96--..

275 256 363 296 volt
419 255 570 308 Fruyi,
609 257 645 296 si
680 257 726 296 id
757 257 861 308 facit
895 256 1092 297 scribatur
1133 269 1291 298 necesse
1318 262 1380 298 est
1416 260 1576 311 frugist,

279 331 369 358 nam
397 319 633 359 conferenda
659 325 753 360 sunt
779 319 934 359 Phorm.
962 332 997 358 v.
1029 321 1100 360 171
1131 320 1286 360 Beatus
1324 333 1482 361 aumas
1509 322 1578 372 qui

281 382 402 422 istaec
439 382 547 432 ferat
575 382 643 432 (de
671 394 749 433 quo
787 395 825 433 p.
854 383 944 433 32);
985 383 1037 422 ad
1061 384 1143 423 Att.
1182 384 1271 433 XII,
1310 383 1373 431 38,
1402 383 1423 422 1
1466 384 1576 424 homo

279 458 461 495 nequam,
490 446 559 495 qui
588 448 698 485 tuum
728 446 964 485 commodam
990 458 1071 485 non
1099 446 1339 496 exspectavit
1352 447 1386 494 ¹)

384 508 535 548 Deinde
575 519 645 547 cur
680 508 920 548 Ritschelius
957 511 1016 548 est
1052 509 1250 549 addiderit
1288 508 1407 549 Stich.
1435 520 1470 548 v.
1499 509 1576 549 732

286 571 364 611 Ohe
401 572 481 610 iam
515 572 633 619 satis,
672 583 830 611 causam
869 572 982 611 video
1017 571 1175 611 nullam.
1231 571 1366 622 Neque
1403 572 1512 624 Asin.
1540 584 1576 611 v.

280 635 354 674 211
393 637 518 674 mater
555 634 672 674 salve.
702 647 731 674 z:
761 633 837 674 Sat
872 634 994 675 alubis
1008 664 1019 682 ,
1057 645 1144 675 cum
1187 633 1291 674 Cam.
1328 633 1575 675 scribendum

280 701 341 736 est
368 697 521 751 salutis.
575 697 707 736 Etiam
735 697 848 736 Truc.
877 709 911 736 v.
941 697 1018 737 259
1046 698 1081 736 Α
1120 701 1227 737 recte
1263 697 1453 747 praebere
1480 697 1577 737 mihi

280 760 437 799 videtur
465 758 541 800 Sat
573 760 669 799 mihi
703 763 795 799 tuae
831 759 999 804 salutis.¹
1041 760 1156 807 Quod
1183 759 1264 800 Leo
1290 759 1416 810 Epist.
1445 759 1574 800 plaut,

279 824 332 863 ad
357 823 539 863 Bueschl.
566 823 774 873 proposuit
802 825 894 862 tuae
920 822 1063 863 sabutis
1090 823 1151 863 m’l
1177 835 1325 871 moror,
1353 835 1501 872 vereor,
1529 826 1575 863 ut

280 885 505 926 Plautinum
534 887 605 934 sit,
645 886 705 925 nil
730 898 860 925 moror
888 897 975 925 cum
1004 897 1098 925 casu
1125 886 1304 935 genetivo
1332 886 1575 935 coniungere.
1630 885 1634 889 ’

281 950 534 989 Scribendum
563 953 623 988 est
650 950 782 998 potius
811 949 890 988 sic:

387 1011 505 1052 Salve
534 1024 562 1051 z:
593 1010 668 1051 Sat
684 1011 780 1051 mihi
800 1014 892 1051 tuae
909 1011 1075 1051 salutis:
1102 1011 1164 1050 nil
1180 1023 1330 1050 moror:
1356 1014 1421 1051 sat
1447 1011 1576 1052 sabveo

384 1074 498 1115 Nunc
535 1075 710 1115 venimus
748 1075 799 1114 ad
832 1075 1084 1125 participium
1122 1073 1248 1114 futuri
1283 1075 1431 1125 passivi
1468 1075 1576 1125 apud

280 1138 386 1188 quod
427 1139 557 1177 omitti
605 1150 723 1188 posse
757 1137 918 1178 verbum
957 1137 1247 1177 substantivum
1292 1138 1370 1177 iam
1407 1138 1576 1178 vidimus

279 1214 317 1251 p.
345 1202 399 1241 50
426 1204 466 1240 et
507 1205 563 1242 est
590 1202 788 1241 omittitur
815 1201 876 1241 his
903 1200 1001 1241 locis
1029 1200 1249 1240 Ciceronis:
1279 1201 1330 1240 ad
1356 1202 1438 1241 Att.
1467 1201 1575 1250 VIII,

282 1266 317 1313 1,
344 1265 369 1304 3
397 1265 570 1304 eundum
605 1268 649 1305 at
669 1307 672 1310 Α
690 1277 958 1315 quemcunque
982 1265 1069 1314 fors
1098 1264 1233 1303 tulerit
1259 1276 1394 1304 caswm
1419 1265 1577 1304 subeam

273 1328 433 1377 potius,·
470 1328 539 1376 IX,
567 1329 604 1376 9,
632 1328 656 1367 2
691 1328 816 1377 plane
842 1328 900 1367 sic
925 1327 1180 1377 faciendum;
1220 1328 1268 1377 X,
1299 1328 1360 1376 12,
1387 1328 1413 1367 5
1451 1327 1575 1367 trahi-

279 1403 369 1429 mwr
395 1402 466 1429 nec
491 1390 746 1440 fuyiendum,
784 1390 819 1428 si
847 1403 922 1437 —;
948 1390 1016 1438 IX,
1046 1390 1103 1438 2⁸,
1145 1391 1164 1428 1
1204 1393 1251 1429 ut
1275 1390 1345 1429 tibi
1371 1389 1575 1429 ambulan-

281 1452 394 1500 dam,
431 1452 685 1504 unquendum
723 1452 780 1492 sic
819 1451 914 1492 mihi
952 1451 1245 1501 dormiendum
1282 1452 1331 1501 X,
1361 1451 1421 1501 12,
1457 1451 1482 1491 2
1511 1451 1575 1492 Si-

283 1516 377 1555 cilia
401 1516 575 1565 petenda
601 1516 690 1564 XII,
716 1516 780 1563 43,
811 1517 830 1554 1
860 1516 929 1555 sed
954 1516 1143 1565 ferendus
1168 1516 1212 1555 in
1230 1515 1299 1555 hoc
1326 1528 1434 1554 meus
1454 1527 1574 1562 error,

278 1578 500 1631 ferendus?
540 1579 651 1619 immo
689 1590 779 1618 vero
807 1578 926 1618 etiwm
953 1578 1229 1627 adiuvandus;
1267 1578 1376 1627 Quae
1402 1589 1491 1619 eum
1518 1578 1576 1618 ita

281 1644 373 1691 sint,
400 1642 502 1682 falso
530 1644 700 1682 editores
728 1642 978 1689 addiderunt,
1006 1645 1094 1680 erat
1120 1642 1172 1680 ad
1198 1643 1281 1681 Att.
1309 1643 1358 1690 X,
1385 1643 1422 1690 4,
1450 1643 1475 1681 6
1497 1655 1574 1690 pa-

281 1706 354 1746 tris
399 1708 531 1746 autem
574 1704 717 1745 lenitas
766 1704 940 1745 amanda
973 1704 1106 1755 potius
1145 1703 1193 1744 ab
1232 1704 1301 1745 illo
1337 1717 1455 1755 quam
1495 1706 1575 1744 tam

281 1769 492 1809 crudeliter
517 1769 782 1819 neqleyenda;
809 1780 899 1807 nam
928 1768 967 1807 in
988 1767 1187 1808 Ciceronis
1216 1767 1397 1817 epistulis
1415 1768 1574 1817 saepius

281 1831 400 1871 etiam
438 1834 525 1870 erat
550 1831 611 1871 vel
643 1832 726 1882 fuit
761 1831 996 1881 cogitatione
1034 1830 1292 1881 supplendum
1326 1842 1412 1870 esse
1438 1833 1573 1870 notum

280 1898 363 1943 est,
392 1894 500 1933 velut
527 1895 578 1933 ad
597 1896 678 1934 Att.
705 1895 774 1942 IX,
805 1895 866 1942 11,
897 1895 916 1932 1
947 1894 1051 1944 quod
1079 1907 1165 1933 cum
1192 1907 1212 1933 e
1238 1894 1388 1933 viatore
1407 1893 1575 1943 quodam

280 1959 379 1996 esset
415 1957 597 1996 audibam
635 1957 703 2007 qui
730 1969 771 1996 se
808 1956 955 1996 diceret
990 1969 1077 1996 eum
1104 1978 1154 1983 —
1185 1968 1375 2008 coynosse,
1403 1956 1479 1995 etsi
1504 1956 1572 1995 vix

280 2020 488 2060 verisimile
523 2020 612 2059 misi
640 2023 770 2059 tamen
797 2019 982 2060 Puteolos
1006 2033 1174 2070 pueros,·
1214 2018 1260 2059 cf.
1288 2019 1383 2059 Hor.
1412 2019 1492 2059 Sat.
1520 2020 1573 2068 H,

281 2085 316 2131 ὅ,
346 2083 396 2121 28
429 2083 634 2133 postmodo
669 2082 923 2122 Luctandwm
956 2083 1001 2122 in
1036 2082 1152 2122 turba
1180 2084 1217 2121 et
1250 2082 1402 2132 facium
1438 2082 1485 2121 de
1511 2082 1573 2121 in—

280 2147 391 2186 iuria
419 2145 566 2196 tardis)
583 2147 621 2196 ²)

382 2209 478 2256 Quis
505 2209 627 2258 igitur
650 2208 890 2249 dubitaverit
916 2209 964 2248 de
992 2208 1054 2247 his
1073 2207 1272 2248 versibus:
1303 2208 1423 2248 Stich.
1453 2220 1488 2248 v.
1517 2208 1570 2247 54

369 2369 397 2408 1)
421 2370 511 2406 Prop.
534 2369 588 2405 IV,
612 2372 661 2404 20,
687 2370 704 2397 3
728 2369 819 2398 durus
842 2368 897 2405 qui
916 2367 998 2396 lucro
1015 2368 1112 2404 potuit
1131 2372 1243 2397 mutare
1259 2367 1402 2405 puellam.

365 2421 397 2463 2)
418 2424 613 2452 Νοῐὶιειίιῐιιιιῃ
637 2426 683 2451 est
699 2423 772 2451 Hor.
798 2422 852 2450 Od.
880 2423 901 2457 1,
929 2424 956 2457 7,
981 2421 1019 2449 2⁷
1043 2421 1087 2448 nil
1108 2421 1321 2458 desperandum
1341 2421 1452 2449 Teucro
1476 2419 1573 2456 «hcm

280 2476 320 2515 11,
347 2478 394 2514 14,
422 2478 470 2507 ιτ.

1769 259 1776 267 -
1774 195 1776 198 .
1708 0 1776 189 ,Auaa-Mffl
