1776 2893
770 156 1030 195 ...94—

254 259 336 297 Att.
364 259 433 306 IX,
461 259 498 307 5,
527 259 552 297 2
587 259 709 313 εαῑιέεν
744 260 948 311 reliyiosus
987 262 1088 307 dies,
1129 260 1230 299 alter
1255 254 1477 309 iynobus'?
1496 259 1549 298 Et

255 321 438 371 quoniam
477 332 613 361 versus
652 333 812 363 mancus
840 327 922 373 est,
951 322 1120 364 fortasse
1148 322 1257 363 aliud
1283 322 1548 372 quaerendum

256 388 316 423 est
353 384 578 424 remedium.
634 384 769 436 Neque
807 396 902 426 vero
927 387 1042 427 Most.
1078 398 1112 426 v.
1141 385 1218 425 288
1255 398 1399 424 awrwm
1436 387 1550 434 twrpe

257 447 416 487 mulieri
441 447 657 497 quidquam
685 449 905 490 addendum
934 455 1004 491 est.

362 510 511 550 Deinde
547 511 731 561 quoniam
759 513 1000 554 Ritsehelius
1028 513 1219 553 concessit
1246 512 1363 562 apud,
1391 510 1551 566 cnudius

257 568 406 613 sextus'
446 577 484 612 et
523 573 667 613 similia
703 576 832 615 omitti
861 577 1033 625 verbum,
1071 588 1147 615 non
1174 575 1286 615 licuit
1313 573 1371 614 illi
1397 576 1550 613 mutare

258 637 376 677 Stich.
420 649 453 677 v.
482 638 553 678 30:
598 651 711 694 <nam
747 639 825 679 viri
860 641 988 679 nosbri
1024 640 1134 679 domo
1170 642 1217 679 ut
1252 638 1453 684 abierunt,
1489 636 1551 676 hic

260 702 397 740 tertius
425 698 593 749 annus’,·
620 713 745 752 neque
774 705 831 741 est
857 702 1077 742 addendum
1098 706 1159 742 est
1186 713 1272 741 cum
1291 700 1349 740 Fl.
1378 700 1418 739 in
1437 699 1551 738 Pom—

261 775 349 813 pon.
379 762 425 802 fr.
457 764 528 803 77:
556 762 656 803 Dies
683 764 746 804 hic
772 767 907 804 sextus
935 777 1022 805 eum
1048 764 1148 805 nihil
1175 764 1235 816 eyi
1260 786 1310 791 —-

363 826 498 875 Neque
533 839 624 866 vero
666 827 741 866 hoc
779 828 908 876 spatio
955 829 1251 877 circumscripta
1288 830 1349 866 est
1387 825 1551 865 libertas

259 888 466 928 omittendi
502 890 572 929 sed
609 888 663 928 ibi
691 901 845 941 quoque
873 890 1003 930 omitti
1031 894 1088 931 est
1114 893 1258 942 potest,
1295 888 1362 929 ubi
1388 898 1551 939 praepo-

260 952 352 991 sitio
389 964 474 991 cum
515 964 608 992 casu
648 954 918 1003 praedicatum
958 958 1019 994 est
1046 955 1107 995 vel
1143 966 1258 995 casus
1286 953 1443 992 dativus
1470 951 1553 991 sive

261 1015 476 1054 ablativus:
505 1015 551 1055 cf.
571 1028 671 1066 quae
691 1016 896 1056 attulimus
916 1029 953 1067 p.
974 1018 1026 1057 70
1043 1030 1128 1068 squ.
1148 1019 1197 1058 de
1217 1019 1311 1058 sunt
1329 1016 1387 1055 ita
1404 1015 1548 1054 omisso

262 1082 301 1118 et
329 1079 437 1119 vide:
467 1078 544 1118 Cic.
575 1079 625 1118 ad
644 1078 735 1119 fam.
764 1079 836 1128 III,
865 1081 900 1129 7,
932 1082 951 1119 1
982 1080 1131 1122 Romae
1158 1085 1196 1122 et
1220 1081 1388 1120 maxime
1414 1078 1554 1129 Appia

262 1142 317 1180 ad
342 1142 495 1181 Martis
522 1142 625 1181 mira
646 1142 872 1191 proluvies‚·
909 1143 961 1182 ad
988 1144 1072 1184 Att.
1100 1145 1189 1193 VII,
1219 1145 1280 1192 13,
1308 1143 1333 1181 2
1359 1154 1448 1192 spes
1476 1153 1553 1180 om-

260 1204 375 1244 nibus
401 1205 445 1243 in
474 1204 627 1245 duabus
661 1205 823 1245 retentis
850 1218 982 1256 paene
1008 1207 1151 1247 alienis
1188 1205 1409 1258 leyionibus.
1449 1203 1552 1252 XVI,

261 1269 298 1316 5,
340 1269 366 1306 4
402 1281 549 1318 mayna
591 1265 698 1320 ῥοπή
740 1268 796 1307 ad
823 1270 1156 1318 proficiscendum
1203 1270 1247 1308 in
1284 1269 1362 1308 tuis
1403 1267 1553 1307 litteris.

262 1331 411 1370 Deinde
439 1331 473 1369 si
499 1329 665 1379 legimus
694 1331 745 1370 ad
763 1330 853 1370 fam.
872 1331 920 1380 X,
951 1333 1011 1382 12,
1039 1333 1064 1372 3
1092 1344 1134 1372 eo
1162 1334 1293 1372 autem
1320 1331 1382 1371 die
1409 1341 1555 1381 mayna

262 1395 358 1434 mihi
389 1407 465 1445 pro
502 1397 573 1433 lua
601 1394 792 1445 diynitate
821 1396 1014 1435 contentio
1043 1409 1129 1436 cum
1157 1395 1334 1443 Servilia
1373 1395 1442 1445 qui
1469 1385 1556 1433 cum

262 1459 396 1509 qratia
424 1458 624 1507 effecisset,
663 1460 708 1496 ul
733 1470 809 1496 sua
836 1460 1031 1499 sententia
1051 1460 1190 1509 prima
1215 1458 1556 1508 pronuntiaretur,

263 1521 450 1571 frequens
478 1532 565 1560 eum
591 1523 752 1559 senalus
779 1520 949 1571 reliquit,
977 1534 1053 1561 non
1080 1522 1207 1570 video,
1235 1534 1311 1571 quo
1339 1521 1424 1560 iure
1441 1520 1555 1558 Lam-

265 1583 381 1622 binus
417 1584 615 1622 addiderit
655 1586 712 1622 est
749 1583 907 1622 verbum
946 1585 997 1623 ad
1033 1583 1123 1623 fam.
1161 1584 1269 1633 XIH,
1300 1584 1359 1631 19,
1404 1583 1423 1621 1
1459 1580 1557 1621 Cum

265 1646 423 1696 Lycone
450 1645 640 1686 Patrensi
670 1648 726 1684 est
751 1645 847 1684 mihi
875 1647 1030 1695 quidem
1066 1647 1277 1697 hospitium
1302 1649 1412 1685 vetus
1439 1656 1557 1695 quam

268 1722 333 1760 eqo
371 1709 694 1748 necessitudinem
730 1711 866 1747 sancte
895 1709 1096 1749 colendam
1116 1713 1228 1760 puto,
1265 1709 1334 1749 sed
1361 1722 1407 1749 ea
1435 1720 1557 1748 causa

269 1772 343 1822 [est
369 1771 476 1822 add]
507 1772 624 1811 etiam
644 1784 730 1811 cum
749 1771 842 1810 aliis
861 1771 1137 1821 popularibus,
1163 1772 1426 1823 familiaritas
1445 1773 1559 1811 tanta

268 1835 376 1875 nullo
416 1847 503 1874 cum
540 1835 698 1885 hospite.
740 1833 785 1873 cf.
821 1834 951 1874 etiam.
991 1836 1041 1874 ad
1077 1837 1159 1875 Att.
1188 1836 1293 1884 XVI,
1324 1837 1357 1884 1,
1397 1836 1423 1874 4
1464 1834 1560 1885 quid

270 1898 389 1950 erqo?
427 1899 482 1937 ad
507 1898 604 1937 Kal.
655 1896 746 1936 Ian.
786 1898 830 1937 in
866 1897 1008 1937 Pansa
1042 1899 1160 1949 opes?
1195 1898 1313 1951 λῆρος
1350 1896 1477 1943 πολὺς
1514 1898 1560 1936 in

269 1963 360 2000 vino
398 1964 435 2000 et
470 1973 603 2001 somno
640 1961 803 2000 istorum
813 1973 827 2008 ,·
867 1961 972 2009 XIV,
1004 1962 1063 2010 11,
1100 1962 1124 2000 2
1162 1961 1357 2000 Lentulus
1398 1959 1560 2009 spinter

270 2024 382 2063 hodie
408 2024 519 2074 apud
544 2036 623 2070 me,
665 2035 753 2062 cras
789 2023 851 2062 hic
883 2035 1032 2062 mecum
1058 2023 1213 2063 Balbus
1240 2045 1290 2052 ——
1317 2022 1429 2062 modo
1455 2022 1563 2061 venit

277 2086 463 2126 Octavius
479 2088 512 2132 ¹)

376 2148 430 2188 Et
455 2152 618 2198 propter
645 2147 708 2187 hie
735 2147 963 2187 adverbium
990 2147 1086 2187 mihi
1112 2147 1230 2188 liceat
1257 2158 1561 2188 commemorare

271 2213 386 2262 Verg.
417 2212 484 2252 ecl.
514 2212 561 2260 X,
589 2212 641 2250 42
668 2211 729 2250 hic
755 2210 877 2262 yelidi
898 2211 1039 2261 fontes,
1073 2211 1135 2250 hic
1161 2211 1294 2251 mollia
1315 2213 1452 2262 prata,
1480 2209 1561 2260 Ly-

274 2277 371 2323 cori,
409 2276 488 2315 Hic
525 2288 661 2314 nemus
673 2288 686 2322 ,·
723 2274 840 2324 Prop.
868 2274 935 2322 IV,
975 2275 1012 2322 3,
1050 2274 1100 2312 23
1137 2274 1199 2313 hie
1236 2286 1359 2325 yenus
1395 2273 1563 2323 infidum

363 2438 392 2472 1)
416 2437 490 2463 Aen.
517 2435 569 2469 IV,
594 2435 653 2462 819
688 2435 715 2462 si
743 2434 807 2469 quia
839 2433 937 2462 adhue
965 2433 1101 2471 precibus
1129 2434 1209 2462 locus
1242 2433 1333 2470 Prop.
1356 2432 1395 2468 11,
1420 2433 1448 2468 7,
1472 2433 1490 2461 5
1513 2430 1566 2460 sed

274 2497 397 2527 maynun
422 2487 534 2516 Caesar
554 2488 585 2515 in
607 2487 700 2515 armis
