<?xml version="1.0" encoding="UTF-8"?>
<!DOCTYPE html PUBLIC "-//W3C//DTD XHTML 1.0 Transitional//EN"
    "http://www.w3.org/TR/xhtml1/DTD/xhtml1-transitional.dtd">
<html xmlns="http://www.w3.org/1999/xhtml" xml:lang="en" lang="en">
 <head>
  <title>
</title>
<meta http-equiv="Content-Type" content="text/html;charset=utf-8" />
  <meta name='ocr-system' content='tesseract 3.04.00' />
  <meta name='ocr-capabilities' content='ocr_page ocr_carea ocr_par ocr_line ocrx_word'/>
</head>
<body>
  <div class='ocr_page' id='page_1' title='image "4737253_0027.png"; bbox 0 0 1776 2893; ppageno 0'>
   <div class='ocr_carea' id='block_1_1' title="bbox 716 160 975 201">
    <p class='ocr_par' dir='ltr' id='par_1_1' title="bbox 716 160 975 201">
     <span class='ocr_line' id='line_1_1' title="bbox 716 160 975 201; baseline 0.008 -12"><span class='ocrx_word' id='word_1_1' title='bbox 716 184 767 189; x_wconf 84' lang='grc'>-</span> <span class='ocrx_word' id='word_1_2' title='bbox 822 160 975 201; x_wconf 61' lang='grc'><strong><em>17-</em></strong></span> 
     </span>
    </p>
   </div>
   <div class='ocr_carea' id='block_1_2' title="bbox 189 265 1494 2449">
    <p class='ocr_par' dir='ltr' id='par_1_2' title="bbox 203 265 1494 379">
     <span class='ocr_line' id='line_1_2' title="bbox 203 265 1494 318; baseline 0 -11"><span class='ocrx_word' id='word_1_3' title='bbox 203 270 270 307; x_wconf 89' lang='lat' dir='ltr'><strong><em>tur</em></strong></span> <span class='ocrx_word' id='word_1_4' title='bbox 296 268 402 307; x_wconf 79' lang='lat' dir='ltr'><strong><em>uude</em></strong></span> <span class='ocrx_word' id='word_1_5' title='bbox 428 265 630 316; x_wconf 87' lang='lat' dir='ltr'><strong><em>expulsum</em></strong></span> <span class='ocrx_word' id='word_1_6' title='bbox 658 276 744 309; x_wconf 86' lang='lat' dir='ltr'><strong><em>esse</em></strong></span> <span class='ocrx_word' id='word_1_7' title='bbox 771 266 1038 307; x_wconf 83' lang='lat' dir='ltr'><strong><em>coniunctione</em></strong></span> <span class='ocrx_word' id='word_1_8' title='bbox 1066 270 1139 307; x_wconf 79' lang='lat' dir='ltr'><strong><em>aut</em></strong></span> <span class='ocrx_word' id='word_1_9' title='bbox 1163 266 1262 307; x_wconf 80' lang='lat' dir='ltr'><strong><em>falso</em></strong></span> <span class='ocrx_word' id='word_1_10' title='bbox 1290 268 1494 318; x_wconf 82' lang='lat' dir='ltr'><strong><em>adscripta</em></strong></span> 
     </span>
     <span class='ocr_line' id='line_1_3' title="bbox 203 329 1304 379; baseline 0 -11"><span class='ocrx_word' id='word_1_11' title='bbox 203 334 245 369; x_wconf 84' lang='lat' dir='ltr'><strong><em>et</em></strong></span> <span class='ocrx_word' id='word_1_12' title='bbox 273 331 311 370; x_wconf 88' lang='lat' dir='ltr'><strong><em>in</em></strong></span> <span class='ocrx_word' id='word_1_13' title='bbox 340 331 376 369; x_wconf 91' lang='lat' dir='ltr'>A</span> <span class='ocrx_word' id='word_1_14' title='bbox 403 333 444 369; x_wconf 86' lang='lat' dir='ltr'><strong><em>et</em></strong></span> <span class='ocrx_word' id='word_1_15' title='bbox 471 329 509 368; x_wconf 91' lang='lat' dir='ltr'><strong><em>in</em></strong></span> <span class='ocrx_word' id='word_1_16' title='bbox 538 329 708 377; x_wconf 90' lang='lat' dir='ltr'><strong><em>reliquis.</em></strong></span> <span class='ocrx_word' id='word_1_17' title='bbox 762 330 884 369; x_wconf 84' lang='lat' dir='ltr'><strong><em>Totus</em></strong></span> <span class='ocrx_word' id='word_1_18' title='bbox 913 341 1047 369; x_wconf 86' lang='lat' dir='ltr'><strong><em>versus</em></strong></span> <span class='ocrx_word' id='word_1_19' title='bbox 1073 330 1197 379; x_wconf 87' lang='lat' dir='ltr'><strong><em>igitur</em></strong></span> <span class='ocrx_word' id='word_1_20' title='bbox 1224 334 1304 369; x_wconf 83' lang='lat' dir='ltr'><strong><em>est:</em></strong></span> 
     </span>
    </p>

    <p class='ocr_par' dir='ltr' id='par_1_3' title="bbox 202 384 1494 494">
     <span class='ocr_line' id='line_1_4' title="bbox 312 384 1494 442; baseline 0.001 -11"><span class='ocrx_word' id='word_1_21' title='bbox 312 393 419 442; x_wconf 74' lang='lat' dir='ltr'><strong><em>Quid</em></strong></span> <span class='ocrx_word' id='word_1_22' title='bbox 445 392 716 439; x_wconf 75' lang='lat' dir='ltr'><strong><em>exanimatus,</em></strong></span> <span class='ocrx_word' id='word_1_23' title='bbox 754 384 917 439; x_wconf 72' lang='lat' dir='ltr'><strong><em>obsecre,</em></strong></span> <span class='ocrx_word' id='word_1_24' title='bbox 946 392 1017 431; x_wconf 76' lang='lat' dir='ltr'><strong><em>es?</em></strong></span> <span class='ocrx_word' id='word_1_25' title='bbox 1052 392 1158 431; x_wconf 79' lang='lat' dir='ltr'><strong><em>unde</em></strong></span> <span class='ocrx_word' id='word_1_26' title='bbox 1185 393 1351 431; x_wconf 77' lang='lat' dir='ltr'><strong><em>anulum</em></strong></span> <span class='ocrx_word' id='word_1_27' title='bbox 1376 393 1494 432; x_wconf 77' lang='lat' dir='ltr'><strong><em>istum</em></strong></span> 
     </span>
     <span class='ocr_line' id='line_1_5' title="bbox 202 454 406 494; baseline 0 0"><span class='ocrx_word' id='word_1_28' title='bbox 202 454 406 494; x_wconf 74' lang='lat' dir='ltr'><strong><em>nanetus?</em></strong></span> 
     </span>
    </p>

    <p class='ocr_par' dir='ltr' id='par_1_4' title="bbox 206 515 1494 627">
     <span class='ocr_line' id='line_1_6' title="bbox 307 515 1494 556; baseline -0.001 0"><span class='ocrx_word' id='word_1_29' title='bbox 307 528 396 556; x_wconf 83' lang='lat' dir='ltr'><strong><em>nam</em></strong></span> <span class='ocrx_word' id='word_1_30' title='bbox 424 516 607 555; x_wconf 74' lang='lat' dir='ltr'><strong><em>nanctu’s</em></strong></span> <span class='ocrx_word' id='word_1_31' title='bbox 626 515 890 555; x_wconf 82' lang='lat' dir='ltr'><strong><em>minime-cum</em></strong></span> <span class='ocrx_word' id='word_1_32' title='bbox 908 516 1127 556; x_wconf 82' lang='lat' dir='ltr'>editoribus</span> <span class='ocrx_word' id='word_1_33' title='bbox 1154 517 1282 556; x_wconf 85' lang='lat' dir='ltr'><strong><em>scribo</em></strong></span> <span class='ocrx_word' id='word_1_34' title='bbox 1302 517 1494 556; x_wconf 84' lang='lat' dir='ltr'><strong><em>adductus</em></strong></span> 
     </span>
     <span class='ocr_line' id='line_1_7' title="bbox 206 577 648 627; baseline -0.005 -9"><span class='ocrx_word' id='word_1_35' title='bbox 206 579 324 619; x_wconf 80' lang='lat' dir='ltr'><strong><em>etiam</em></strong></span> <span class='ocrx_word' id='word_1_36' title='bbox 353 578 416 618; x_wconf 84' lang='lat' dir='ltr'><strong><em>his</em></strong></span> <span class='ocrx_word' id='word_1_37' title='bbox 443 577 648 627; x_wconf 82' lang='lat' dir='ltr'><strong><em>exemplis:</em></strong></span> 
     </span>
    </p>

    <p class='ocr_par' dir='ltr' id='par_1_5' title="bbox 193 640 1494 868">
     <span class='ocr_line' id='line_1_8' title="bbox 303 640 1493 691; baseline 0.002 -13"><span class='ocrx_word' id='word_1_38' title='bbox 303 640 411 680; x_wconf 82' lang='lat' dir='ltr'><strong><em>A&#39;sin.</em></strong></span> <span class='ocrx_word' id='word_1_39' title='bbox 439 653 473 680; x_wconf 89' lang='lat' dir='ltr'><strong><em>v.</em></strong></span> <span class='ocrx_word' id='word_1_40' title='bbox 493 641 568 679; x_wconf 81' lang='lat'><strong><em>271</em></strong></span> <span class='ocrx_word' id='word_1_41' title='bbox 600 641 719 679; x_wconf 80' lang='lat' dir='ltr'><strong><em>Hauc</em></strong></span> <span class='ocrx_word' id='word_1_42' title='bbox 752 642 918 691; x_wconf 79' lang='lat' dir='ltr'><strong><em>quidem,</em></strong></span> <span class='ocrx_word' id='word_1_43' title='bbox 946 655 1065 691; x_wconf 78' lang='lat' dir='ltr'><strong><em>quam</em></strong></span> <span class='ocrx_word' id='word_1_44' title='bbox 1089 645 1272 689; x_wconf 77' lang='lat' dir='ltr'><strong><em>nanctus,</em></strong></span> <span class='ocrx_word' id='word_1_45' title='bbox 1294 643 1493 691; x_wconf 78' lang='lat' dir='ltr'><strong><em>praedam</em></strong></span> 
     </span>
     <span class='ocr_line' id='line_1_9' title="bbox 193 703 1494 754; baseline 0 -11"><span class='ocrx_word' id='word_1_46' title='bbox 193 704 352 753; x_wconf 74' lang='lat' dir='ltr'><strong><em>pariter</em></strong></span> <span class='ocrx_word' id='word_1_47' title='bbox 399 716 485 743; x_wconf 83' lang='lat' dir='ltr'><strong><em>eum</em></strong></span> <span class='ocrx_word' id='word_1_48' title='bbox 518 703 601 743; x_wconf 84' lang='lat' dir='ltr'><strong><em>illis</em></strong></span> <span class='ocrx_word' id='word_1_49' title='bbox 644 704 835 754; x_wconf 76' lang='lat' dir='ltr'><strong><em>partiam.</em></strong></span> <span class='ocrx_word' id='word_1_50' title='bbox 898 703 965 743; x_wconf 92' lang='lat' dir='ltr'><strong><em>ubi</em></strong></span> <span class='ocrx_word' id='word_1_51' title='bbox 1003 714 1114 743; x_wconf 88' lang='lat' dir='ltr'><strong><em>nemo</em></strong></span> <span class='ocrx_word' id='word_1_52' title='bbox 1150 704 1280 754; x_wconf 84' lang='lat' dir='ltr'><strong><em>potuit</em></strong></span> <span class='ocrx_word' id='word_1_53' title='bbox 1323 704 1494 744; x_wconf 86' lang='lat' dir='ltr'><strong><em>inserere</em></strong></span> 
     </span>
     <span class='ocr_line' id='line_1_10' title="bbox 199 767 1493 816; baseline 0 -11"><span class='ocrx_word' id='word_1_54' title='bbox 199 779 305 813; x_wconf 86' lang='lat' dir='ltr'><strong><em>sum,</em></strong></span> <span class='ocrx_word' id='word_1_55' title='bbox 343 778 579 816; x_wconf 83' lang='lat' dir='ltr'><strong><em>quamquam</em></strong></span> <span class='ocrx_word' id='word_1_56' title='bbox 607 767 764 806; x_wconf 86' lang='lat' dir='ltr'><strong><em>omissio</em></strong></span> <span class='ocrx_word' id='word_1_57' title='bbox 802 768 841 806; x_wconf 91' lang='lat' dir='ltr'><strong><em>in</em></strong></span> <span class='ocrx_word' id='word_1_58' title='bbox 878 767 1024 806; x_wconf 84' lang='lat' dir='ltr'><strong><em>talibus</em></strong></span> <span class='ocrx_word' id='word_1_59' title='bbox 1061 767 1274 806; x_wconf 82' lang='lat' dir='ltr'><strong>enuntiatis</strong></span> <span class='ocrx_word' id='word_1_60' title='bbox 1315 767 1493 807; x_wconf 83' lang='lat' dir='ltr'><strong><em>relativis</em></strong></span> 
     </span>
     <span class='ocr_line' id='line_1_11' title="bbox 200 827 645 868; baseline 0.002 -2"><span class='ocrx_word' id='word_1_61' title='bbox 200 827 334 866; x_wconf 85' lang='lat' dir='ltr'><strong><em>durior</em></strong></span> <span class='ocrx_word' id='word_1_62' title='bbox 361 839 447 868; x_wconf 78' lang='lat' dir='ltr'><strong><em>esse</em></strong></span> <span class='ocrx_word' id='word_1_63' title='bbox 476 828 645 868; x_wconf 83' lang='lat' dir='ltr'><strong><em>videtur.</em></strong></span> 
     </span>
    </p>

    <p class='ocr_par' dir='ltr' id='par_1_6' title="bbox 198 890 1494 1003">
     <span class='ocr_line' id='line_1_12' title="bbox 306 890 1494 939; baseline 0.001 -10"><span class='ocrx_word' id='word_1_64' title='bbox 306 890 475 930; x_wconf 83' lang='lat' dir='ltr'><strong>Deinde:</strong></span> <span class='ocrx_word' id='word_1_65' title='bbox 517 891 622 931; x_wconf 89' lang='lat' dir='ltr'><strong><em>Trin.</em></strong></span> <span class='ocrx_word' id='word_1_66' title='bbox 663 904 698 931; x_wconf 86' lang='lat' dir='ltr'><strong><em>v.</em></strong></span> <span class='ocrx_word' id='word_1_67' title='bbox 736 891 799 930; x_wconf 88' lang='lat'><strong><em>61.</em></strong></span> <span class='ocrx_word' id='word_1_68' title='bbox 851 891 1035 939; x_wconf 85' lang='lat' dir='ltr'><strong><em>Habeas,</em></strong></span> <span class='ocrx_word' id='word_1_69' title='bbox 1079 894 1126 930; x_wconf 79' lang='lat' dir='ltr'><strong><em>ut</em></strong></span> <span class='ocrx_word' id='word_1_70' title='bbox 1164 894 1357 939; x_wconf 79' lang='lat' dir='ltr'><strong><em>uanetus;</em></strong></span> <span class='ocrx_word' id='word_1_71' title='bbox 1397 894 1494 930; x_wconf 79' lang='lat' dir='ltr'><strong><em>uota</em></strong></span> 
     </span>
     <span class='ocr_line' id='line_1_13' title="bbox 198 952 633 1003; baseline 0.005 -13"><span class='ocrx_word' id='word_1_72' title='bbox 198 952 307 991; x_wconf 89' lang='lat' dir='ltr'><strong><em>mala</em></strong></span> <span class='ocrx_word' id='word_1_73' title='bbox 333 966 397 992; x_wconf 85' lang='lat' dir='ltr'><strong><em>res</em></strong></span> <span class='ocrx_word' id='word_1_74' title='bbox 425 956 633 1003; x_wconf 65' lang='lat' dir='ltr'><strong><em>optumast.</em></strong></span> 
     </span>
    </p>

    <p class='ocr_par' dir='ltr' id='par_1_7' title="bbox 197 1015 1488 1130">
     <span class='ocr_line' id='line_1_14' title="bbox 303 1015 1488 1065; baseline -0.001 -9"><span class='ocrx_word' id='word_1_75' title='bbox 303 1016 416 1056; x_wconf 84' lang='lat' dir='ltr'><strong><em>Truc.</em></strong></span> <span class='ocrx_word' id='word_1_76' title='bbox 443 1028 478 1056; x_wconf 88' lang='lat' dir='ltr'><strong><em>v.</em></strong></span> <span class='ocrx_word' id='word_1_77' title='bbox 507 1016 585 1056; x_wconf 80' lang='grc'><strong><em>844</em></strong></span> <span class='ocrx_word' id='word_1_78' title='bbox 611 1016 733 1057; x_wconf 78' lang='lat' dir='ltr'><strong><em>Nune</em></strong></span> <span class='ocrx_word' id='word_1_79' title='bbox 759 1016 914 1065; x_wconf 78' lang='lat' dir='ltr'><strong><em>habeas,</em></strong></span> <span class='ocrx_word' id='word_1_80' title='bbox 941 1019 988 1056; x_wconf 79' lang='lat' dir='ltr'><strong><em>ut</em></strong></span> <span class='ocrx_word' id='word_1_81' title='bbox 1012 1019 1194 1056; x_wconf 78' lang='lat' dir='ltr'><strong><em>nanctus.</em></strong></span> <span class='ocrx_word' id='word_1_82' title='bbox 1235 1016 1337 1056; x_wconf 90' lang='lat' dir='ltr'><strong><em>Rud.</em></strong></span> <span class='ocrx_word' id='word_1_83' title='bbox 1357 1027 1393 1056; x_wconf 90' lang='lat' dir='ltr'><strong><em>v.</em></strong></span> <span class='ocrx_word' id='word_1_84' title='bbox 1413 1015 1488 1055; x_wconf 87' lang='grc'><strong><em>871</em></strong></span> 
     </span>
     <span class='ocr_line' id='line_1_15' title="bbox 197 1079 680 1130; baseline 0 -12"><span class='ocrx_word' id='word_1_85' title='bbox 197 1082 244 1118; x_wconf 84' lang='lat' dir='ltr'><strong><em>ut</em></strong></span> <span class='ocrx_word' id='word_1_86' title='bbox 268 1082 451 1127; x_wconf 74' lang='lat' dir='ltr'><strong><em>nanctus,</em></strong></span> <span class='ocrx_word' id='word_1_87' title='bbox 479 1079 680 1130; x_wconf 80' lang='lat' dir='ltr'><strong><em>habe[as].</em></strong></span> 
     </span>
    </p>

    <p class='ocr_par' dir='ltr' id='par_1_8' title="bbox 197 1141 1489 1243">
     <span class='ocr_line' id='line_1_16' title="bbox 301 1141 1489 1191; baseline 0 -11"><span class='ocrx_word' id='word_1_88' title='bbox 301 1141 409 1181; x_wconf 78' lang='lat' dir='ltr'><strong><em>Bach</em></strong></span> <span class='ocrx_word' id='word_1_89' title='bbox 445 1154 480 1181; x_wconf 85' lang='lat' dir='ltr'><strong><em>v.</em></strong></span> <span class='ocrx_word' id='word_1_90' title='bbox 519 1141 592 1181; x_wconf 90' lang='lat'><strong><em>161</em></strong></span> <span class='ocrx_word' id='word_1_91' title='bbox 634 1141 802 1189; x_wconf 78' lang='lat' dir='ltr'><strong><em>Fecisti,</em></strong></span> <span class='ocrx_word' id='word_1_92' title='bbox 842 1154 956 1191; x_wconf 74' lang='lat' dir='ltr'><strong><em>quom</em></strong></span> <span class='ocrx_word' id='word_1_93' title='bbox 991 1142 1121 1181; x_wconf 77' lang='lat' dir='ltr'><strong><em>istanc</em></strong></span> <span class='ocrx_word' id='word_1_94' title='bbox 1160 1144 1333 1180; x_wconf 72' lang='lat' dir='ltr'><strong><em>‘nanctus</em></strong></span> <span class='ocrx_word' id='word_1_95' title='bbox 1359 1141 1489 1191; x_wconf 77' lang='lat' dir='ltr'><strong><em>impu—</em></strong></span> 
     </span>
     <span class='ocr_line' id='line_1_17' title="bbox 197 1204 381 1243; baseline 0 -1"><span class='ocrx_word' id='word_1_96' title='bbox 197 1204 381 1243; x_wconf 77' lang='lat' dir='ltr'><strong><em>dentiam.</em></strong></span> 
     </span>
    </p>

    <p class='ocr_par' dir='ltr' id='par_1_9' title="bbox 195 1265 1488 1494">
     <span class='ocr_line' id='line_1_18' title="bbox 301 1265 1486 1317; baseline 0 -12"><span class='ocrx_word' id='word_1_97' title='bbox 301 1266 436 1316; x_wconf 86' lang='lat' dir='ltr'><strong>Neque</strong></span> <span class='ocrx_word' id='word_1_98' title='bbox 463 1266 558 1306; x_wconf 87' lang='lat' dir='ltr'><strong><em>Nov.</em></strong></span> <span class='ocrx_word' id='word_1_99' title='bbox 586 1265 660 1316; x_wconf 87' lang='lat' dir='ltr'><strong><em>frg.</em></strong></span> <span class='ocrx_word' id='word_1_100' title='bbox 689 1266 740 1307; x_wconf 88' lang='lat'><strong><em>62</em></strong></span> <span class='ocrx_word' id='word_1_101' title='bbox 784 1265 845 1306; x_wconf 80' lang='lat' dir='ltr'><strong><em>Tu</em></strong></span> <span class='ocrx_word' id='word_1_102' title='bbox 870 1266 988 1317; x_wconf 79' lang='lat' dir='ltr'><strong><em>pueri</em></strong></span> <span class='ocrx_word' id='word_1_103' title='bbox 1009 1265 1151 1316; x_wconf 77' lang='lat' dir='ltr'><strong><em>pusilli</em></strong></span> <span class='ocrx_word' id='word_1_104' title='bbox 1177 1265 1283 1305; x_wconf 85' lang='lat' dir='ltr'><strong><em>simil</em></strong></span> <span class='ocrx_word' id='word_1_105' title='bbox 1309 1279 1360 1314; x_wconf 87' lang='lat' dir='ltr'><strong><em>es,</em></strong></span> <span class='ocrx_word' id='word_1_106' title='bbox 1389 1266 1486 1316; x_wconf 80' lang='lat' dir='ltr'><strong><em>quia</em></strong></span> 
     </span>
     <span class='ocr_line' id='line_1_19' title="bbox 195 1328 1488 1379; baseline 0.001 -12"><span class='ocrx_word' id='word_1_107' title='bbox 195 1330 297 1367; x_wconf 83' lang='lat' dir='ltr'><strong><em>euim</em></strong></span> <span class='ocrx_word' id='word_1_108' title='bbox 324 1330 380 1368; x_wconf 89' lang='lat' dir='ltr'><strong><em>ad</em></strong></span> <span class='ocrx_word' id='word_1_109' title='bbox 414 1342 456 1367; x_wconf 87' lang='lat' dir='ltr'><strong><em>os</em></strong></span> <span class='ocrx_word' id='word_1_110' title='bbox 488 1330 572 1379; x_wconf 81' lang='lat' dir='ltr'><strong><em>fers</em></strong></span> <span class='ocrx_word' id='word_1_111' title='bbox 608 1329 802 1379; x_wconf 80' lang='lat' dir='ltr'><strong><em>quidquid</em></strong></span> <span class='ocrx_word' id='word_1_112' title='bbox 835 1332 1007 1367; x_wconf 74' lang='lat' dir='ltr'><strong><em>nanctus</em></strong></span> <span class='ocrx_word' id='word_1_113' title='bbox 1048 1332 1105 1367; x_wconf 76' lang='lat' dir='ltr'><strong><em>est</em></strong></span> <span class='ocrx_word' id='word_1_114' title='bbox 1144 1340 1230 1367; x_wconf 85' lang='lat' dir='ltr'><strong><em>cum</em></strong></span> <span class='ocrx_word' id='word_1_115' title='bbox 1271 1328 1488 1368; x_wconf 87' lang='lat' dir='ltr'><strong><em>Ribbeckio</em></strong></span> 
     </span>
     <span class='ocr_line' id='line_1_20' title="bbox 196 1390 1483 1440; baseline 0 -9"><span class='ocrx_word' id='word_1_116' title='bbox 196 1391 443 1431; x_wconf 85' lang='lat' dir='ltr'><strong><em>scribendum</em></strong></span> <span class='ocrx_word' id='word_1_117' title='bbox 473 1395 531 1431; x_wconf 83' lang='lat' dir='ltr'><strong><em>est</em></strong></span> <span class='ocrx_word' id='word_1_118' title='bbox 568 1393 769 1440; x_wconf 81' lang='lat' dir='ltr'><strong><em>uauetu’s,</em></strong></span> <span class='ocrx_word' id='word_1_119' title='bbox 807 1391 877 1431; x_wconf 87' lang='lat' dir='ltr'><strong><em>sed</em></strong></span> <span class='ocrx_word' id='word_1_120' title='bbox 915 1391 1168 1431; x_wconf 85' lang='lat' dir='ltr'><strong><em>statuendum</em></strong></span> <span class='ocrx_word' id='word_1_121' title='bbox 1204 1394 1261 1431; x_wconf 79' lang='lat' dir='ltr'><strong><em>est</em></strong></span> <span class='ocrx_word' id='word_1_122' title='bbox 1286 1390 1384 1431; x_wconf 83' lang='lat' dir='ltr'><strong><em>falso</em></strong></span> <span class='ocrx_word' id='word_1_123' title='bbox 1413 1392 1483 1431; x_wconf 85' lang='lat' dir='ltr'><strong><em>ad-</em></strong></span> 
     </span>
     <span class='ocr_line' id='line_1_21' title="bbox 198 1454 449 1494; baseline 0 -1"><span class='ocrx_word' id='word_1_124' title='bbox 198 1454 325 1493; x_wconf 84' lang='lat' dir='ltr'><strong><em>ditum</em></strong></span> <span class='ocrx_word' id='word_1_125' title='bbox 353 1465 449 1494; x_wconf 87' lang='lat' dir='ltr'><strong><em>esse.</em></strong></span> 
     </span>
    </p>

    <p class='ocr_par' dir='ltr' id='par_1_10' title="bbox 196 1515 1488 1619">
     <span class='ocr_line' id='line_1_22' title="bbox 302 1515 1488 1568; baseline 0.001 -13"><span class='ocrx_word' id='word_1_126' title='bbox 302 1516 437 1566; x_wconf 88' lang='lat' dir='ltr'><strong>Neque</strong></span> <span class='ocrx_word' id='word_1_127' title='bbox 464 1517 591 1568; x_wconf 85' lang='lat' dir='ltr'><strong><em>magis</em></strong></span> <span class='ocrx_word' id='word_1_128' title='bbox 617 1517 724 1567; x_wconf 87' lang='lat' dir='ltr'><strong><em>apud</em></strong></span> <span class='ocrx_word' id='word_1_129' title='bbox 750 1520 866 1557; x_wconf 80' lang='lat' dir='ltr'><strong><em>ratus</em></strong></span> <span class='ocrx_word' id='word_1_130' title='bbox 891 1515 1105 1567; x_wconf 83' lang='lat' dir='ltr'><strong><em>perfectum</em></strong></span> <span class='ocrx_word' id='word_1_131' title='bbox 1127 1516 1342 1556; x_wconf 83' lang='lat' dir='ltr'><strong><em>desiderari</em></strong></span> <span class='ocrx_word' id='word_1_132' title='bbox 1370 1517 1488 1556; x_wconf 86' lang='lat' dir='ltr'><strong><em>debet</em></strong></span> 
     </span>
     <span class='ocr_line' id='line_1_23' title="bbox 196 1579 695 1619; baseline 0.002 -2"><span class='ocrx_word' id='word_1_133' title='bbox 196 1579 358 1618; x_wconf 89' lang='lat' dir='ltr'><strong><em>verbum</em></strong></span> <span class='ocrx_word' id='word_1_134' title='bbox 385 1580 695 1619; x_wconf 84' lang='lat' dir='ltr'><strong><em>substantivum:</em></strong></span> 
     </span>
    </p>

    <p class='ocr_par' dir='ltr' id='par_1_11' title="bbox 192 1642 1486 1818">
     <span class='ocr_line' id='line_1_24' title="bbox 297 1642 1486 1693; baseline 0.001 -12"><span class='ocrx_word' id='word_1_135' title='bbox 297 1642 399 1681; x_wconf 87' lang='lat' dir='ltr'><strong><em>Rud.</em></strong></span> <span class='ocrx_word' id='word_1_136' title='bbox 426 1654 461 1683; x_wconf 85' lang='lat' dir='ltr'><strong><em>v.</em></strong></span> <span class='ocrx_word' id='word_1_137' title='bbox 489 1643 567 1682; x_wconf 86' lang='lat'><strong><em>453</em></strong></span> <span class='ocrx_word' id='word_1_138' title='bbox 605 1642 695 1682; x_wconf 89' lang='lat' dir='ltr'><strong><em>Iam</em></strong></span> <span class='ocrx_word' id='word_1_139' title='bbox 716 1643 814 1693; x_wconf 76' lang='lat' dir='ltr'><strong><em>plus</em></strong></span> <span class='ocrx_word' id='word_1_140' title='bbox 839 1642 936 1682; x_wconf 85' lang='lat' dir='ltr'><strong><em>mali</em></strong></span> <span class='ocrx_word' id='word_1_141' title='bbox 961 1642 1065 1682; x_wconf 84' lang='lat' dir='ltr'><strong><em>illud</em></strong></span> <span class='ocrx_word' id='word_1_142' title='bbox 1089 1642 1199 1682; x_wconf 77' lang='lat' dir='ltr'><strong><em>nobis</em></strong></span> <span class='ocrx_word' id='word_1_143' title='bbox 1226 1643 1338 1690; x_wconf 80' lang='lat' dir='ltr'><strong><em>vivit,</em></strong></span> <span class='ocrx_word' id='word_1_144' title='bbox 1368 1656 1486 1693; x_wconf 83' lang='lat' dir='ltr'><strong><em>quam</em></strong></span> 
     </span>
     <span class='ocr_line' id='line_1_25' title="bbox 192 1705 1485 1755; baseline 0.001 -11"><span class='ocrx_word' id='word_1_145' title='bbox 192 1708 327 1753; x_wconf 78' lang='lat' dir='ltr'><strong><em>ratae,</em></strong></span> <span class='ocrx_word' id='word_1_146' title='bbox 365 1705 433 1745; x_wconf 89' lang='lat' dir='ltr'><strong><em>ubi</em></strong></span> <span class='ocrx_word' id='word_1_147' title='bbox 460 1719 596 1746; x_wconf 86' lang='lat' dir='ltr'><strong><em>sumus</em></strong></span> <span class='ocrx_word' id='word_1_148' title='bbox 622 1706 783 1746; x_wconf 87' lang='lat' dir='ltr'><strong><em>verbum</em></strong></span> <span class='ocrx_word' id='word_1_149' title='bbox 822 1706 991 1745; x_wconf 85' lang='lat' dir='ltr'><strong><em>inserere</em></strong></span> <span class='ocrx_word' id='word_1_150' title='bbox 1030 1716 1142 1745; x_wconf 88' lang='lat' dir='ltr'><strong><em>nemo</em></strong></span> <span class='ocrx_word' id='word_1_151' title='bbox 1180 1709 1321 1755; x_wconf 82' lang='lat' dir='ltr'><strong><em>potest,</em></strong></span> <span class='ocrx_word' id='word_1_152' title='bbox 1360 1717 1485 1755; x_wconf 88' lang='lat' dir='ltr'><strong><em>neque</em></strong></span> 
     </span>
     <span class='ocr_line' id='line_1_26' title="bbox 193 1769 773 1818; baseline 0.003 -12"><span class='ocrx_word' id='word_1_153' title='bbox 193 1769 319 1818; x_wconf 84' lang='lat' dir='ltr'><strong><em>magis</em></strong></span> <span class='ocrx_word' id='word_1_154' title='bbox 346 1782 458 1809; x_wconf 89' lang='lat' dir='ltr'><strong><em>sum:</em></strong></span> <span class='ocrx_word' id='word_1_155' title='bbox 770 1774 773 1776; x_wconf 86' lang='grc'><strong>’</strong></span> 
     </span>
    </p>

    <p class='ocr_par' dir='ltr' id='par_1_12' title="bbox 191 1830 1484 1934">
     <span class='ocr_line' id='line_1_27' title="bbox 298 1830 1484 1880; baseline 0.001 -10"><span class='ocrx_word' id='word_1_156' title='bbox 298 1831 440 1880; x_wconf 88' lang='lat' dir='ltr'><strong>Amph.</strong></span> <span class='ocrx_word' id='word_1_157' title='bbox 469 1844 503 1870; x_wconf 92' lang='lat' dir='ltr'><strong><em>v.</em></strong></span> <span class='ocrx_word' id='word_1_158' title='bbox 531 1832 607 1871; x_wconf 84' lang='lat'><strong><em>957</em></strong></span> <span class='ocrx_word' id='word_1_159' title='bbox 635 1832 704 1870; x_wconf 80' lang='lat' dir='ltr'><strong><em>An</em></strong></span> <span class='ocrx_word' id='word_1_160' title='bbox 729 1832 774 1870; x_wconf 87' lang='lat' dir='ltr'><strong><em>id</em></strong></span> <span class='ocrx_word' id='word_1_161' title='bbox 798 1832 883 1870; x_wconf 84' lang='lat' dir='ltr'><strong><em>ioco</em></strong></span> <span class='ocrx_word' id='word_1_162' title='bbox 910 1830 1075 1870; x_wconf 74' lang='lat' dir='ltr'><strong><em>dixisti?</em></strong></span> <span class='ocrx_word' id='word_1_163' title='bbox 1102 1831 1281 1880; x_wconf 78' lang='lat' dir='ltr'><strong><em>equidem</em></strong></span> <span class='ocrx_word' id='word_1_164' title='bbox 1306 1832 1408 1870; x_wconf 79' lang='lat' dir='ltr'><strong><em>serio</em></strong></span> <span class='ocrx_word' id='word_1_165' title='bbox 1436 1845 1484 1871; x_wconf 82' lang='lat' dir='ltr'><strong><em>ac</em></strong></span> 
     </span>
     <span class='ocr_line' id='line_1_28' title="bbox 191 1897 1381 1934; baseline 0.002 -3"><span class='ocrx_word' id='word_1_166' title='bbox 191 1906 282 1933; x_wconf 79' lang='lat' dir='ltr'><strong><em>vero</em></strong></span> <span class='ocrx_word' id='word_1_167' title='bbox 308 1897 432 1934; x_wconf 83' lang='lat' dir='ltr'><strong><em>ratus.</em></strong></span> <span class='ocrx_word' id='word_1_168' title='bbox 1378 1898 1381 1900; x_wconf 83' lang='grc'><strong>’</strong></span> 
     </span>
    </p>

    <p class='ocr_par' dir='ltr' id='par_1_13' title="bbox 191 1955 1483 2060">
     <span class='ocr_line' id='line_1_29' title="bbox 296 1955 1483 2006; baseline -0.001 -10"><span class='ocrx_word' id='word_1_169' title='bbox 296 1956 393 2004; x_wconf 87' lang='lat' dir='ltr'><strong><em>Quis</em></strong></span> <span class='ocrx_word' id='word_1_170' title='bbox 420 1957 498 1996; x_wconf 86' lang='lat' dir='ltr'><strong><em>iam</em></strong></span> <span class='ocrx_word' id='word_1_171' title='bbox 538 1956 717 1996; x_wconf 85' lang='lat' dir='ltr'><strong><em>dubitare</em></strong></span> <span class='ocrx_word' id='word_1_172' title='bbox 746 1956 874 2006; x_wconf 86' lang='lat' dir='ltr'><strong><em>debet,</em></strong></span> <span class='ocrx_word' id='word_1_173' title='bbox 896 1956 995 2006; x_wconf 84' lang='lat' dir='ltr'><strong><em>quin</em></strong></span> <span class='ocrx_word' id='word_1_174' title='bbox 1024 1959 1130 1995; x_wconf 82' lang='lat' dir='ltr'><strong><em>reete</em></strong></span> <span class='ocrx_word' id='word_1_175' title='bbox 1157 1955 1268 1996; x_wconf 88' lang='lat' dir='ltr'><strong><em>nobis</em></strong></span> <span class='ocrx_word' id='word_1_176' title='bbox 1295 1956 1374 1995; x_wconf 83' lang='lat' dir='ltr'><strong><em>sint</em></strong></span> <span class='ocrx_word' id='word_1_177' title='bbox 1400 1959 1483 1995; x_wconf 77' lang='lat' dir='ltr'><strong>tra-</strong></span> 
     </span>
     <span class='ocr_line' id='line_1_30' title="bbox 191 2019 520 2060; baseline 0.003 -2"><span class='ocrx_word' id='word_1_178' title='bbox 191 2019 264 2059; x_wconf 85' lang='lat' dir='ltr'><strong><em>diti</em></strong></span> <span class='ocrx_word' id='word_1_179' title='bbox 294 2019 335 2059; x_wconf 89' lang='lat' dir='ltr'><strong><em>hi</em></strong></span> <span class='ocrx_word' id='word_1_180' title='bbox 361 2031 520 2060; x_wconf 83' lang='lat' dir='ltr'><strong><em>versus:</em></strong></span> 
     </span>
    </p>

    <p class='ocr_par' dir='ltr' id='par_1_14' title="bbox 192 2082 1481 2196">
     <span class='ocr_line' id='line_1_31' title="bbox 295 2082 1481 2131; baseline 0 -10"><span class='ocrx_word' id='word_1_181' title='bbox 295 2083 397 2122; x_wconf 89' lang='lat' dir='ltr'><strong><em>Rud.</em></strong></span> <span class='ocrx_word' id='word_1_182' title='bbox 426 2094 462 2122; x_wconf 87' lang='lat' dir='ltr'><strong><em>v.</em></strong></span> <span class='ocrx_word' id='word_1_183' title='bbox 493 2083 594 2123; x_wconf 87' lang='lat'>1386</span> <span class='ocrx_word' id='word_1_184' title='bbox 622 2082 714 2122; x_wconf 88' lang='lat' dir='ltr'><strong><em>Iam</em></strong></span> <span class='ocrx_word' id='word_1_185' title='bbox 741 2085 776 2122; x_wconf 81' lang='lat' dir='ltr'><strong><em>te</em></strong></span> <span class='ocrx_word' id='word_1_186' title='bbox 793 2085 910 2122; x_wconf 81' lang='lat' dir='ltr'><strong><em>ratus</em></strong></span> <span class='ocrx_word' id='word_1_187' title='bbox 928 2082 1133 2122; x_wconf 63' lang='lat' dir='ltr'><strong><em>Nanoewm</em></strong></span> <span class='ocrx_word' id='word_1_188' title='bbox 1150 2082 1341 2121; x_wconf 77' lang='lat' dir='ltr'><strong><em>hominem</em></strong></span> <span class='ocrx_word' id='word_1_189' title='bbox 1368 2094 1481 2131; x_wconf 78' lang='lat' dir='ltr'><strong><em>quem</em></strong></span> 
     </span>
     <span class='ocr_line' id='line_1_32' title="bbox 192 2145 489 2196; baseline 0.007 -13"><span class='ocrx_word' id='word_1_190' title='bbox 192 2145 489 2196; x_wconf 75' lang='lat' dir='ltr'><strong><em>defraudares?</em></strong></span> 
     </span>
    </p>

    <p class='ocr_par' dir='ltr' id='par_1_15' title="bbox 294 2208 1200 2250">
     <span class='ocr_line' id='line_1_33' title="bbox 294 2208 1200 2250; baseline 0 -2"><span class='ocrx_word' id='word_1_191' title='bbox 294 2209 377 2249; x_wconf 91' lang='lat' dir='ltr'><strong><em>Mil.</em></strong></span> <span class='ocrx_word' id='word_1_192' title='bbox 406 2221 442 2248; x_wconf 90' lang='lat' dir='ltr'><strong><em>v.</em></strong></span> <span class='ocrx_word' id='word_1_193' title='bbox 471 2208 548 2250; x_wconf 78' lang='lat'><strong><em>558</em></strong></span> <span class='ocrx_word' id='word_1_194' title='bbox 576 2209 758 2249; x_wconf 77' lang='lat' dir='ltr'><strong><em>Ratusne</em></strong></span> <span class='ocrx_word' id='word_1_195' title='bbox 783 2222 844 2249; x_wconf 85' lang='lat' dir='ltr'><strong><em>me</em></strong></span> <span class='ocrx_word' id='word_1_196' title='bbox 870 2209 1061 2250; x_wconf 77' lang='lat' dir='ltr'><strong><em>hominem</em></strong></span> <span class='ocrx_word' id='word_1_197' title='bbox 1088 2208 1200 2249; x_wconf 77' lang='lat' dir='ltr'><strong><em>esse?</em></strong></span> 
     </span>
    </p>

    <p class='ocr_par' dir='ltr' id='par_1_16' title="bbox 293 2271 1425 2322">
     <span class='ocr_line' id='line_1_34' title="bbox 293 2271 1425 2322; baseline -0.001 -12"><span class='ocrx_word' id='word_1_198' title='bbox 293 2271 338 2311; x_wconf 92' lang='lat' dir='ltr'><strong><em>R.</em></strong></span> <span class='ocrx_word' id='word_1_199' title='bbox 357 2273 546 2320; x_wconf 78' lang='lat' dir='ltr'><strong><em>ratu’sne,</em></strong></span> <span class='ocrx_word' id='word_1_200' title='bbox 575 2272 729 2322; x_wconf 83' lang='lat' dir='ltr'><strong><em>Ussing.</em></strong></span> <span class='ocrx_word' id='word_1_201' title='bbox 748 2276 863 2312; x_wconf 82' lang='lat' dir='ltr'><strong><em>ratus</em></strong></span> <span class='ocrx_word' id='word_1_202' title='bbox 881 2286 931 2312; x_wconf 78' lang='lat' dir='ltr'><strong><em>ue</em></strong></span> <span class='ocrx_word' id='word_1_203' title='bbox 950 2286 1000 2320; x_wconf 87' lang='lat' dir='ltr'><strong><em>es,</em></strong></span> <span class='ocrx_word' id='word_1_204' title='bbox 1028 2272 1140 2311; x_wconf 87' lang='lat' dir='ltr'><strong><em>Ribb.</em></strong></span> <span class='ocrx_word' id='word_1_205' title='bbox 1167 2274 1332 2310; x_wconf 77' lang='lat' dir='ltr'><strong><em>ratunes</em></strong></span> <span class='ocrx_word' id='word_1_206' title='bbox 1351 2271 1425 2309; x_wconf 82' lang='lat' dir='ltr'><strong><em>die.</em></strong></span> 
     </span>
    </p>

    <p class='ocr_par' dir='ltr' id='par_1_17' title="bbox 189 2333 1478 2449">
     <span class='ocr_line' id='line_1_35' title="bbox 296 2333 1478 2386; baseline -0.002 -12"><span class='ocrx_word' id='word_1_207' title='bbox 296 2335 412 2374; x_wconf 89' lang='lat' dir='ltr'><strong><em>Addo</em></strong></span> <span class='ocrx_word' id='word_1_208' title='bbox 439 2335 554 2386; x_wconf 86' lang='lat' dir='ltr'><strong><em>Epid.</em></strong></span> <span class='ocrx_word' id='word_1_209' title='bbox 583 2347 618 2375; x_wconf 88' lang='lat' dir='ltr'><strong><em>v.</em></strong></span> <span class='ocrx_word' id='word_1_210' title='bbox 646 2335 723 2374; x_wconf 84' lang='lat'><strong><em>596</em></strong></span> <span class='ocrx_word' id='word_1_211' title='bbox 755 2335 861 2385; x_wconf 80' lang='lat' dir='ltr'><strong><em>Quid</em></strong></span> <span class='ocrx_word' id='word_1_212' title='bbox 888 2336 931 2375; x_wconf 89' lang='lat' dir='ltr'><strong><em>ob</em></strong></span> <span class='ocrx_word' id='word_1_213' title='bbox 959 2348 1044 2375; x_wconf 78' lang='lat' dir='ltr'><strong><em>eam</em></strong></span> <span class='ocrx_word' id='word_1_214' title='bbox 1069 2348 1152 2374; x_wconf 83' lang='lat' dir='ltr'><strong><em>rem</em></strong></span> <span class='ocrx_word' id='word_1_215' title='bbox 1185 2335 1315 2373; x_wconf 78' lang='lat' dir='ltr'><strong><em>istane</em></strong></span> <span class='ocrx_word' id='word_1_216' title='bbox 1342 2333 1478 2380; x_wconf 83' lang='lat' dir='ltr'><strong><em>emisti,</em></strong></span> 
     </span>
     <span class='ocr_line' id='line_1_36' title="bbox 189 2396 780 2449; baseline 0.003 -15"><span class='ocrx_word' id='word_1_217' title='bbox 189 2396 285 2444; x_wconf 77' lang='lat' dir='ltr'><strong><em>quia</em></strong></span> <span class='ocrx_word' id='word_1_218' title='bbox 311 2400 421 2436; x_wconf 66' lang='lat' dir='ltr'><strong><em>tuam</em></strong></span> <span class='ocrx_word' id='word_1_219' title='bbox 446 2401 608 2449; x_wconf 74' lang='lat' dir='ltr'><strong><em>ynatam</em></strong></span> <span class='ocrx_word' id='word_1_220' title='bbox 633 2397 780 2437; x_wconf 75' lang='lat' dir='ltr'><strong><em>ratus?</em></strong></span> 
     </span>
    </p>
   </div>
   <div class='ocr_carea' id='block_1_3' title="bbox 275 2457 1475 2560">
    <p class='ocr_par' dir='ltr' id='par_1_18' title="bbox 275 2457 1475 2560">
     <span class='ocr_line' id='line_1_37' title="bbox 275 2457 1475 2516; baseline -0.001 -18"><span class='ocrx_word' id='word_1_221' title='bbox 275 2457 496 2516; x_wconf 18' lang='lat' dir='ltr'><strong><em>*singulare</em></strong></span> <span class='ocrx_word' id='word_1_222' title='bbox 522 2463 652 2502; x_wconf 83' lang='lat' dir='ltr'><strong><em>exstat</em></strong></span> <span class='ocrx_word' id='word_1_223' title='bbox 681 2459 912 2510; x_wconf 86' lang='lat' dir='ltr'><strong><em>exemplum,</em></strong></span> <span class='ocrx_word' id='word_1_224' title='bbox 940 2461 1010 2501; x_wconf 88' lang='lat' dir='ltr'><strong><em>sed</em></strong></span> <span class='ocrx_word' id='word_1_225' title='bbox 1037 2460 1157 2500; x_wconf 83' lang='lat' dir='ltr'><strong><em>etiam</em></strong></span> <span class='ocrx_word' id='word_1_226' title='bbox 1186 2458 1380 2500; x_wconf 85' lang='lat' dir='ltr'><strong><em>similibus</em></strong></span> <span class='ocrx_word' id='word_1_227' title='bbox 1408 2460 1475 2498; x_wconf 85' lang='lat' dir='ltr'><strong><em>de-</em></strong></span> 
     </span>
     <span class='ocr_line' id='line_1_38' title="bbox 1196 2529 1217 2560; baseline 0 0"><span class='ocrx_word' id='word_1_228' title='bbox 1196 2529 1217 2560; x_wconf 85' lang='lat'><strong>2</strong></span> 
     </span>
    </p>
   </div>
  </div>
 </body>
</html>
