1776 2893
0 498 7 509 Ἴ
0 450 6 473 «..
0 438 3 440 -
0 372 8 424 ..q-r

730 165 991 204 ..67-

319 270 502 312 Βαίου-ἱνα
526 269 674 319 faenus
699 268 796 308 mihi

321 336 377 374 sic
404 331 567 383 praebet
595 332 646 378 A3
682 330 747 369 BC
774 335 905 371 autem
934 331 1097 372 habent:
1134 333 1242 373 Date
1267 335 1362 373 mihi
1385 336 1506 385 fenus

217 399 256 438 Si
284 398 379 437 mihi
405 405 634 445 pronomen,
662 394 765 442 quod
793 393 892 433 falso
919 395 1131 443 repetitum
1160 401 1240 444 est,
1276 397 1504 447 omittimus,

218 460 321 500 talis
337 469 454 498 sanus
475 467 612 496 versus
635 460 766 495 exstat
792 456 831 495 in
858 457 911 495 A:
939 455 1123 496 Datwrin
1140 458 1315 507 faenus?
1343 471 1371 497 :z
1400 460 1504 498 Fae-

214 535 292 562 nus
326 521 420 567 illic,
456 520 604 569 faenus
639 519 713 567 hic,
750 522 795 558 ut
831 519 1022 569 nesciam,
1058 531 1138 559 cur.
1169 521 1214 560 R.
1250 520 1324 560 hoc
1359 520 1440 560 loco
1470 523 1504 561 A

216 584 383 623 codicem
407 582 517 630 sequi
541 582 730 629 noluerit;
758 581 918 630 scripsit
937 586 1069 621 autem
1100 584 1290 638 ‘daturne
1310 580 1501 632 faenus?

212 647 357 686 Verum
394 644 498 693 quod
534 644 573 682 in
612 643 736 684 altero
775 654 887 684 versu
927 645 1064 684 daturi
1098 645 1260 685 verbum
1296 646 1378 685 sine
1415 647 1507 686 estis

214 708 360 756 legitur
396 707 436 745 id
472 717 559 744 eum
596 717 751 744 movere
790 707 838 753 (si
875 707 1031 755 quidem
1068 709 1206 754 movit)
1249 720 1321 747 non
1359 709 1505 748 debuit.

215 770 355 818 Itaque
375 768 413 806 in
435 766 681 806 Ambrosiani
702 768 898 817 scriptura
915 769 1239 817 acquiescendum
1262 780 1347 808 esse
1367 781 1502 808 censeo

213 836 254 872 et
281 836 342 871 est
370 830 626 880 interrogatio
655 832 824 881 repetita
852 831 934 871 loco
962 832 1054 872 huic
1081 833 1300 882 aptissima.

316 893 428 931 Nunc
455 893 715 941 adiungamus

513 996 695 1036 tertIam
721 997 909 1048 pluralis
936 1008 1187 1048 personam.

319 1081 448 1129 Atque
466 1079 703 1119 Ritschelius
724 1080 807 1129 ipse
828 1081 1020 1121 concessit
1039 1081 1144 1130 apud
1164 1081 1310 1131 futura
1331 1084 1372 1120 et
1389 1081 1503 1130 facta

212 1145 344 1182 deesse
382 1154 494 1191 posse
528 1146 623 1182 sunt
649 1143 754 1181 velut
796 1143 933 1192 Amph.
961 1156 996 1183 v.
1025 1144 1125 1182 1149
1157 1144 1268 1192 Quae
1294 1144 1438 1193 futura
1466 1148 1505 1183 et

210 1217 310 1254 quae
342 1205 455 1254 facta
483 1204 667 1254 eloquar;
706 1216 742 1244 v.
770 1204 848 1244 469
885 1206 1007 1256 iy-itur
1034 1206 1186 1244 demum
1214 1218 1343 1245 omnes
1377 1207 1503 1245 scient

210 1280 311 1317 quae
336 1268 472 1317 facta;
509 1279 544 1307 v,
568 1266 642 1306 571
680 1267 803 1317 Optas
831 1281 931 1317 quae
956 1268 1091 1318 factm
1120 1267 1166 1307 cf.
1195 1280 1229 1307 V.
1253 1268 1352 1316 7723
1379 1268 1499 1308 Bach.

209 1341 243 1368 v.
268 1331 347 1369 510
374 1331 443 1379 qui
467 1352 517 1357 -
542 1330 637 1368 haec
661 1330 723 1368 hic
751 1343 851 1379 quae
875 1331 1021 1379 futura
1045 1331 1207 1379 fabulor
1244 1330 1331 1368 Aul.
1361 1343 1395 1368 v.
1419 1332 1499 1369 432

218 1392 311 1431 Volo
337 1394 438 1431 scire
464 1405 531 1443 eyo
557 1393 692 1431 itidem
718 1405 826 1432 meae
854 1393 957 1431 domi
982 1405 1099 1431 mean
1124 1393 1236 1432 salva
1261 1393 1415 1441 futura,

313 1455 449 1504 Neque
478 1466 567 1493 vero
596 1455 722 1493 minus
757 1465 873 1503 saepe
908 1458 1003 1493 sunt
1034 1455 1194 1493 verbum
1227 1455 1398 1503 positum
1427 1459 1499 1502 est,

210 1522 253 1555 ut
271 1517 412 1566 Amph.
442 1529 476 1556 v.
499 1516 576 1556 559
601 1516 750 1556 Tamen
768 1517 866 1566 quin
888 1516 1028 1566 loquar
1049 1516 1145 1555 haec
1169 1517 1230 1555 uti
1248 1517 1362 1567 facta
1383 1521 1498 1565 sunu

210 1591 243 1619 v.
265 1581 345 1620 460
371 1580 467 1619 haec
499 1581 560 1619 uti
586 1583 681 1619 sunt
712 1580 827 1629 facta
855 1592 921 1619 ero
948 1580 1100 1627 dicam
1136 1591 1171 1618 v.
1196 1579 1274 1619 884
1300 1580 1368 1619 Ea
1399 1593 1499 1630 quae

206 1646 301 1682 sunt
323 1644 438 1693 facta
465 1643 615 1692 infecta
641 1656 685 1682 re
712 1655 793 1682 esse
820 1642 1065 1691 ocolamitat;
1094 1654 1127 1681 V.
1147 1642 1224 1682 885
1253 1656 1355 1693 quae
1374 1656 1498 1693 neque

206 1709 301 1745 sunt
324 1707 438 1756 facta
462 1729 509 1733 —
537 1707 692 1757 wyuit5
720 1709 839 1754 atque
868 1705 942 1745 etsi
971 1705 1035 1745 hic
1062 1705 1123 1745 vel
1152 1705 1231 1745 illic
1258 1711 1377 1756 poeta
1404 1710 1501 1746 sunt

205 1769 339 1817 posuit
365 1781 439 1808 non
468 1769 551 1807 sine
579 1769 618 1807 vi
649 1769 820 1818 quadam
848 1770 971 1818 (quae
989 1771 1086 1807 sunt
1101 1768 1215 1817 facta
1244 1790 1288 1795 ———
1308 1781 1392 1808 was
1411 1782 1498 1808 mm

206 1832 301 1870 doch
329 1832 475 1870 einmal
499 1831 677 1870 wirklich
702 1831 912 1881 qeschehen
937 1831 1021 1879 ist),
1051 1835 1178 1869 tamen
1208 1830 1248 1869 in
1276 1832 1495 1871 universum

204 1895 456 1933 statuendum
486 1894 563 1933 erit
589 1906 690 1943 eum,
724 1893 905 1943 quoniam
935 1893 1093 1942 linguae
1122 1898 1332 1942 utrumque
1359 1900 1495 1944 aptum

203 1961 324 2006 esset,
360 1956 469 1996 illum
500 1957 710 1996 dummodo
736 1954 851 1996 facile
878 1955 1095 2006 elegantem
1123 1967 1276 1996 versum
1305 1957 1491 1997 conderet

202 2021 321 2068 atque
349 2019 582 2058 sententiam
618 2019 715 2058 bene
742 2018 948 2058 formatam
981 2023 1100 2068 atque
1127 2020 1371 2068 perspicuam
1398 2032 1486 2068 pro-

204 2082 422 2131 nuntiaret,
466 2082 581 2121 modo
620 2082 798 2131 posuisse
836 2082 950 2120 modo
985 2081 1161 2121 omisisse
1200 2082 1361 2121 verbum
1398 2082 1487 2121 sub-

202 2145 429 2184 stantivum.
485 2145 596 2184 Sicut
624 2149 754 2184 autem
793 2145 857 2184 hic
885 2145 1043 2184 minime
1076 2145 1208 2184 omnia
1239 2145 1415 2194 exempla
1450 2146 1488 2184 in

202 2217 318 2245 unam
355 2206 521 2246 formam
560 2207 682 2256 redigi
722 2213 904 2257 possunt,
944 2207 1047 2246 idem
1082 2208 1297 2247 cavendum
1335 2208 1412 2246 erit
1449 2208 1487 2246 in

201 2269 319 2308 tertia
347 2269 559 2319 singularis
587 2281 773 2319 persona,
809 2270 964 2309 etiamsi
991 2270 1046 2309 ibi
1079 2269 1225 2308 nullum
1261 2269 1343 2309 fere
1370 2281 1485 2318 nego-

198 2330 295 2369 tium
325 2335 386 2370 est
414 2332 602 2371 mutandi.

303 2394 362 2432 Ex
395 2394 452 2433 eis
479 2395 683 2443 exemplis,
717 2394 859 2442 quibus
894 2394 1078 2433 discimus
1110 2398 1204 2433 sunt
1231 2396 1348 2434 etiam
1377 2397 1485 2443 apud

198 2455 275 2495 alia
312 2456 488 2505 perfecta
524 2457 671 2507 passivi
708 2461 749 2496 et
780 2456 1009 2506 deponentis
1044 2456 1228 2497 omissum
1265 2468 1369 2505 esse,
1405 2458 1484 2497 iam

1177 2518 1231 2556 5¹1⁵
