1776 2893
686 202 948 242 -45-

177 317 284 353 mus;
333 306 445 348 Truc.
486 319 521 347 v,
563 308 639 347 387
679 310 722 347 tu
766 320 874 347 nunc
912 311 1107 357 superstes
1153 308 1258 348 solus
1295 310 1463 348 sermoni

178 380 260 407 meo
287 382 326 408 es
334 383 348 418 ,·
387 370 486 409 Rud.
516 382 550 409 V.
578 369 656 410 525
683 370 840 420 Edepol
867 370 1052 420 Neptune
1079 383 1119 409 es
1146 370 1363 410 balineator
1388 372 1464 421 fri-

176 431 314 481 9idus;

281 495 547 545 Intellegimus
582 494 706 544 igitur
746 507 792 534 ex
829 494 879 535 iis
916 495 1103 545 exemplis
1138 495 1280 545 quibus
1308 509 1347 535 es
1374 500 1463 546 post

177 571 243 597 -us
269 558 439 608 ponitur,
466 558 572 598 viros
598 558 736 598 doctus
764 558 913 598 nullum
940 562 1211 608 argumentum
1240 559 1454 598 adsciscere

180 631 294 670 posse
321 621 373 661 ad
406 620 639 661 sententiam
667 621 949 671 adiuvandam,
990 633 1067 672 qua
1093 624 1238 672 putant
1279 621 1328 661 iis
1355 621 1464 667 locis,

177 683 244 723 ubi
286 684 513 724 desiderant
540 683 700 723 verbum
740 698 799 733 es,
838 685 879 723 id
907 685 1094 724 excidisse
1122 690 1210 734 post
1238 697 1305 723 -us
1331 684 1464 723 termi-

178 746 385 785 nationem.
432 746 532 794 Quin
561 746 677 786 etiam
698 758 798 797 quae
824 752 975 787 restant
994 746 1169 797 exempla
1196 749 1236 786 et
1261 757 1361 795 quae
1388 745 1465 784 alio

177 808 262 848 loco
289 809 577 860 adscribentur,
614 809 760 850 habent
797 824 836 850 es
872 814 961 861 post
992 810 1144 851 vocales
1171 809 1307 850 finales
1346 823 1374 849 u
1400 809 1462 848 vel

179 884 200 910 ο
228 872 289 911 vel
317 886 353 912 a.
390 873 589 920 Videmus,
617 873 847 923 ubicumque
874 887 914 913 es
940 878 1031 923 post
1058 877 1328 914 consonantem
1358 886 1377 912 s
1404 873 1464 911 vel

183 935 282 975 alias
310 935 509 983 tradatur,
537 947 622 975 esse
647 936 801 987 plenam
829 936 1040 987 syllabam,
1069 937 1238 977 editores
1265 939 1396 976 autem
1425 949 1465 975 es

179 997 247 1047 ibi,
274 999 340 1038 ubi
370 1010 444 1038 non
472 999 667 1048 traditur,
696 1000 825 1039 versui
851 1011 1003 1051 semper
1030 1000 1089 1039 ita
1114 1000 1279 1039 reddere
1305 1003 1351 1038 ut
1378 1009 1463 1037 cum

178 1061 329 1112 syllaba
355 1063 609 1103 antecedente
626 1063 665 1102 in
693 1074 809 1103 unam
829 1067 939 1103 coeat
966 1066 1007 1103 et
1026 1063 1124 1102 nihil
1151 1062 1232 1102 fere
1259 1065 1460 1112 superstes

181 1123 234 1163 sit
261 1124 365 1164 illius
392 1124 530 1174 plenae
557 1129 598 1163 et
624 1125 762 1175 longae
778 1120 971 1176 syllabae.
1013 1126 1071 1165 Ex
1098 1125 1173 1165 hac
1199 1125 1321 1175 igitur
1348 1127 1461 1174 parte

178 1198 293 1236 quam
315 1186 651 1228 vehementissime
678 1189 942 1239 impugnanda
960 1192 1019 1228 est
1046 1188 1114 1228 illa
1132 1188 1235 1228 ratio
1263 1189 1340 1227 -u’s
1367 1188 1463 1227 scri-

179 1250 307 1290 bendi.
356 1251 465 1298 Quae
492 1263 537 1291 eo
564 1252 689 1301 magis
715 1252 864 1291 incerta
891 1257 931 1290 et
957 1251 1106 1291 lubrica
1133 1255 1194 1290 cst
1221 1254 1339 1301 atque
1366 1251 1464 1289 mihi

178 1313 387 1353 maximam
415 1313 695 1354 dubitationem
734 1314 869 1354 statim
897 1314 946 1353 ab
974 1314 1086 1354 initio
1120 1325 1164 1354 eo
1191 1314 1333 1362 iniecit,
1361 1313 1464 1363 quod

176 1376 249 1415 viri
288 1377 391 1416 docti
431 1376 500 1416 illa
535 1377 714 1417 adhibita
750 1378 980 1425 effecerunt,
1017 1381 1061 1417 ut
1099 1377 1138 1417 in
1175 1377 1282 1427 poesi
1311 1376 1464 1415 scenica

177 1438 321 1478 Latina
358 1444 397 1478 et
435 1439 589 1478 omnino
626 1440 663 1478 in
699 1440 832 1490 lingua
859 1440 1000 1479 Latina
1027 1462 1078 1467 -
1105 1451 1193 1478 nam
1222 1440 1342 1478 etiam
1369 1438 1463 1488 lyri-

177 1513 306 1542 corum
344 1506 547 1551 poetarum
575 1503 641 1552 qui
677 1506 768 1542 sunt
795 1503 909 1552 pauci
947 1503 1021 1542 loci
1049 1503 1113 1542 vix
1139 1502 1383 1552 excipiuntur
1410 1524 1462 1530 —

177 1566 324 1604 nullum
354 1569 481 1605 exstet
508 1566 724 1615 exemplum
753 1579 792 1605 es
817 1567 927 1606 verbi
950 1567 1095 1614 omissi,
1123 1577 1208 1605 cum
1240 1570 1318 1604 tam
1348 1577 1464 1614 saepe

177 1631 217 1667 et
236 1632 317 1667 tam
345 1628 533 1667 audacter
558 1631 710 1667 ceterae
736 1640 922 1678 personae
950 1628 1059 1667 verbi
1079 1627 1316 1667 substantivi
1344 1631 1464 1676 atque

178 1691 297 1731 etiam
335 1692 426 1730 estis
465 1692 697 1730 omittantur
726 1691 820 1731 viris
848 1691 971 1731 doctis
999 1690 1321 1730 adsentientibus.
1376 1691 1462 1737 Qua

178 1754 215 1792 in
245 1765 286 1792 re
315 1764 428 1801 quam
457 1753 571 1802 longe
597 1766 621 1792 a
641 1764 731 1793 vero
759 1754 1038 1801 aberraverint,
1067 1752 1216 1792 confido
1244 1764 1306 1791 me
1333 1756 1462 1791 osten-

179 1815 295 1854 disse.
350 1815 528 1855 Omnia
564 1815 654 1854 illa
681 1816 925 1865 exempla,
963 1816 1019 1854 de
1046 1815 1231 1864 quibus
1259 1815 1357 1864 egi,
1395 1815 1461 1853 li-

181 1877 401 1917 beranda
440 1881 557 1917 sunt
594 1877 684 1916 illo
721 1878 940 1926 circu103
987 1890 1092 1917 nam
1133 1878 1460 1916 statuendum

179 1944 258 1979 est
297 1940 364 1979 iis
399 1940 528 1979 locis
564 1953 613 1979 es
648 1940 883 1980 omissum
912 1951 1027 1980 esse
1055 1940 1112 1979 ab
1140 1939 1272 1989 ipsis
1299 1939 1462 1989 scrip-

180 2003 397 2042 toribus.
451 2002 503 2041 Et
530 2004 633 2053 quod
660 2003 698 2042 in
719 2004 916 2044 comoedia
942 2004 1114 2044 secunda
1140 2003 1347 2052 singularis
1374 2015 1461 2053 per-

179 2077 274 2105 sona
292 2077 386 2116 prae
406 2066 545 2105 ceteris
564 2066 718 2116 saepius
738 2067 945 2115 omittitur,
964 2078 1081 2117 quam
1101 2066 1161 2105 vel
1184 2066 1286 2115 apud
1309 2065 1461 2105 Cicero-

180 2141 267 2168 nem
297 2128 357 2168 vel
384 2128 490 2178 apud
526 2128 743 2176 Horatium,
783 2129 821 2168 id
851 2129 1021 2179 positum
1049 2134 1110 2169 est
1137 2130 1175 2169 in
1204 2134 1345 2167 natura
1372 2141 1462 2177 poe-

180 2191 233 2241 sis
261 2192 424 2239 senicae,
454 2190 518 2230 ubi
539 2191 708 2230 secunda
726 2202 892 2241 persona
911 2192 1121 2231 maximum
1146 2195 1309 2241 occupat
1336 2191 1460 2230 locum

181 2258 222 2293 et
258 2254 323 2293 ubi
353 2254 452 2293 alter
489 2255 541 2293 ad
569 2253 733 2293 alterum
764 2265 974 2294 conversus
1000 2255 1173 2303 loquitur
1200 2266 1322 2302 neque
1349 2255 1463 2303 quid-

182 2327 297 2364 quam
327 2317 377 2355 ad
405 2315 722 2365 perspicuitatem
751 2317 1007 2356 desideratur.

286 2378 424 2418 Adhuc
460 2379 582 2429 igitur
614 2378 761 2418 nullum
795 2378 919 2419 locum
957 2378 1076 2419 habet
1110 2380 1187 2419 -u's
1213 2377 1462 2429 synaloepha,

182 2442 311 2481 adhuc
347 2441 494 2481 nullum
541 2441 632 2480 talis
672 2441 887 2480 coalitionis
923 2444 1053 2480 exstat
1091 2441 1318 2490 exemplum.
1383 2439 1461 2479 Sed

181 2507 389 2554 supersunt
421 2504 539 2544 etiam
588 2515 714 2554 pauca
753 2502 950 2554 exempla,
996 2514 1096 2553 quae
1133 2504 1210 2543 iam
1253 2504 1462 2545 tractanda
