1776 2893
741 87 998 127 „99-

228 203 457 245 qoemanum
502 204 617 230 suum
660 194 701 230 et
739 191 818 230 Mil.
854 205 889 232 v.
924 193 997 233 441
1047 194 1238 244 yeminarn
1286 207 1512 245 yermanam

229 256 375 303 meam,
412 253 493 302 sed.
532 265 566 291 v.
598 254 699 292 1102
734 267 903 295 sororem
936 257 1128 306 yeminam
1163 257 1299 296 adesse
1336 261 1376 296 et
1413 257 1511 297 Enn.

231 317 367 357 Annal.
400 316 452 355 42
490 328 680 366 yermana
715 329 834 357 soror.
898 318 1006 364 Quae
1042 330 1126 358 cum
1170 319 1228 358 ita
1265 319 1343 357 sint
1378 321 1509 368 potuit

230 380 395 420 fortasse
423 377 602 425 coniungi
629 379 783 429 yemina
810 383 847 418 et
868 392 1056 430 yermana
1083 391 1204 429 neque
1231 381 1360 430 placet
1387 383 1510 430 magis

232 443 327 482 haec
356 441 432 479 duo
459 440 579 479 verba
608 444 667 480 est
691 442 838 481 inserto
865 442 1046 490 disiungi.
1096 472 1099 475 .

335 502 438 541 Trin.
466 513 502 541 v.
530 502 607 542 536
645 516 703 542 em
728 516 836 543 nunc
862 504 924 543 hic
952 505 1091 554 quoius
1118 507 1191 551 est,
1219 507 1264 543 ut
1289 505 1344 543 ad
1368 505 1512 545 incitas

229 565 438 606 redactus!
484 565 698 604 rectissime
737 578 780 606 se
817 566 961 606 habere
995 567 1164 606 vidimus
1207 579 1242 615 p.
1278 567 1352 615 29;
1391 580 1511 618 neque

230 627 417 667 Fleckeis.
446 627 582 666 debuit
609 628 705 667 Eun.
727 641 761 667 v.
785 629 858 669 178
887 628 1056 669 scribere
1083 630 1225 668 victust
1242 628 1275 667 si
1294 630 1508 668 coniunxit:

230 692 353 731 victus
380 703 459 730 uno
485 690 597 730 verbo
624 704 742 741 quam
770 692 867 731 cito!
893 691 940 732 cf.
969 692 1074 731 Trin.
1104 691 1190 731 706.
1237 691 1371 741 Neque
1399 693 1510 731 video

230 766 298 793 cur
324 753 437 792 Ribb.
466 754 667 802 scripserit
694 756 871 794 additust
898 755 1039 794 Pacuv.
1068 754 1143 803 frg.
1172 755 1247 793 269
1276 755 1328 793 Id
1353 756 1429 794 viri
1456 759 1513 793 est

231 817 413 866 officium,
438 816 554 864 fletus
578 817 758 857 muliebri
784 819 940 869 inyenio
967 818 1127 857 additus
1154 816 1213 855 De
1241 817 1347 856 Asin.
1374 829 1408 855 v.
1438 818 1513 856 174

229 878 325 918 nihil
354 878 451 917 certi
478 878 665 919 affirmari
692 884 833 930 potest.

333 940 591 981 Transeamus
619 942 670 980 ad
699 944 901 983 enuntiata
928 942 1182 982 subordinata
1201 946 1319 991 atque
1347 942 1511 991 primum

231 1003 408 1053 exempla
436 1003 487 1043 ab
525 1004 612 1043 aliis
640 1005 893 1055 scriptoribus
921 1005 1089 1055 repetita
1116 1004 1334 1045 afferamus.
1389 1004 1429 1044 Si
1457 1005 1512 1044 le-

229 1067 356 1114 gimus
384 1066 461 1108 Cic.
499 1067 550 1105 ad
579 1068 661 1106 Att.
690 1068 772 1117 XV,
800 1069 864 1117 40,
909 1070 926 1106 1
968 1070 1037 1107 sed
1071 1081 1121 1106 ne
1158 1069 1193 1106 is
1230 1069 1404 1117 quidem,
1446 1069 1514 1117 qui

231 1129 400 1168 omniurn
436 1129 678 1181 flayitiorum
705 1134 863 1179 auctor,
902 1131 993 1170 bene
1020 1131 1068 1170 de
1094 1132 1226 1169 nostro
1235 1144 1248 1178 ,·
1287 1134 1326 1169 et
1353 1131 1402 1169 ad
1434 1131 1513 1169 Att.

232 1192 315 1240 VII,
344 1193 380 1238 3,
407 1193 431 1230 2
459 1193 528 1231 sed
553 1206 601 1231 ne
630 1194 832 1241 dubitaris,
861 1195 958 1243 quin
986 1195 1089 1243 quod
1113 1194 1321 1240 honestius,
1348 1194 1394 1232 id
1421 1194 1515 1232 mihi

226 1254 407 1304 futurum
433 1256 485 1294 sit
511 1256 727 1306 antiquius,
755 1256 851 1296 falso
879 1260 937 1296 est
962 1256 1142 1296 additur:
1179 1256 1265 1303 XII,
1292 1256 1355 1304 38,
1382 1256 1406 1295 3
1434 1256 1513 1295 sive

228 1318 329 1357 hano
357 1318 641 1359 aberrationem
668 1334 694 1359 a
722 1321 851 1360 dolore
870 1321 1082 1372 deleyerim,
1113 1334 1213 1370 quae
1240 1319 1513 1359 liberalissima

227 1381 410 1431 doctoque
449 1383 600 1422 homine
635 1384 865 1435 dignissima
905 1384 1067 1423 laudari
1103 1397 1162 1422 me
1190 1384 1307 1422 etiam
1335 1386 1510 1433 oportere

227 1455 313 1482 nam
343 1445 462 1484 etiam
490 1446 536 1493 X,
571 1447 627 1494 12,
658 1448 673 1485 1
705 1447 889 1496 legimus:
931 1448 1027 1497 quid
1052 1447 1147 1486 mihi
1173 1447 1327 1497 quidem
1353 1447 1510 1485 minime

225 1519 378 1556 novum,
406 1509 474 1558 qui
498 1512 535 1548 et
561 1512 599 1549 te
625 1523 798 1558 nossem,·
825 1509 916 1549 etsi
945 1514 1050 1549 recte
1069 1509 1241 1550 traditur
1268 1510 1318 1548 ad
1338 1509 1508 1555 Att.X1‚

225 1569 288 1617 24,
316 1570 341 1608 2
372 1571 419 1609 de
445 1574 681 1620 testamento,
710 1574 814 1623 quod
832 1576 913 1612 turn
929 1573 1091 1623 factum,
1120 1585 1239 1622 quum
1260 1572 1333 1611 illa
1350 1572 1509 1610 haerere

228 1637 424 1684 coeperat,
453 1633 552 1675 falso
579 1635 741 1676 additur
768 1639 825 1675 est
850 1638 941 1686 post
969 1635 1122 1676 habitus
1149 1636 1200 1675 ad
1226 1634 1316 1675 fam.
1345 1635 1392 1683 X,
1421 1636 1454 1681 6,
1482 1634 1506 1673 3

227 1698 440 1747 complures
466 1699 510 1737 in
533 1699 828 1748 perturbatione
858 1700 918 1738 rei
938 1700 1122 1749 publicae
1150 1699 1376 1738 consulares
1403 1698 1506 1744 dicti,

225 1773 389 1810 quorum
414 1775 526 1801 nemo
553 1762 772 1802 consularis
799 1762 973 1810 habitus,
1008 1763 1088 1801 nisi
1114 1762 1182 1812 qui
1209 1785 1269 1800 —.
1298 1761 1446 1801 Deinde
1473 1760 1504 1799 si

225 1828 331 1864 recte
359 1826 532 1864 traditur
559 1825 610 1863 ad
630 1826 710 1863 Att.
739 1826 771 1874 I,
800 1825 862 1873 24,
891 1826 915 1865 6
941 1826 1007 1864 ille
1034 1825 1135 1864 alter
1161 1838 1241 1863 uno
1266 1825 1359 1863 vitio
1376 1824 1505 1862 minus

224 1888 385 1927 vitiosus
404 1889 507 1938 quod
523 1889 641 1934 iners⁷
669 1888 773 1937 quod
789 1888 915 1926 somni
930 1888 1082 1937 plenus,
1102 1888 1206 1937 quod
1222 1887 1424 1936 imperitus
1441 1908 1503 1931 —‚

226 1949 320 1990 nihil
349 1951 649 1991 desiderandum
679 1953 740 1990 est
767 1951 816 1991 ad
844 1950 936 1990 fam.
964 1950 1053 2000 XII,
1082 1949 1145 1999 30,
1173 1950 1198 1988 4
1225 1950 1325 1989 nihil
1346 1961 1505 1999 possum

226 2013 293 2052 tibi
320 2015 510 2064 opitulari
536 2015 640 2064 quod
667 2017 704 2053 et
731 2015 844 2054 orbus
873 2017 944 2063 [est
961 2014 1069 2064 add]
1097 2016 1257 2052 senatus
1284 2012 1504 2051 consulibus

225 2078 389 2117 amissis.
457 2077 633 2127 Denique
678 2089 762 2117 cum
803 2077 899 2118 haec
937 2077 1181 2116 inveniantur
1222 2074 1414 2124 exempla:
1451 2075 1503 2114 ad

225 2140 306 2179 Λα.
333 2141 403 2188 ΙΧ,
433 2143 492 2188 11,
524 2143 539 2178 1
572 2142 644 2180 etsi
669 2142 736 2180 222·oe
762 2131 968 2181 verisimile
984 2141 1073 2178 misi·
1097 2143 1224 2178 tamen
1251 2138 1360 2187 xm,
1385 2138 1450 2187 44,
1481 2140 1499 2176 1

225 2216 245 2241 o
281 2206 415 2244 suavis
450 2208 540 2244 tuas
576 2205 746 2250 litteras,
787 2205 858 2243 etsi
893 2204 1034 2243 acerba
1062 2215 1219 2251 pompa.
1274 2201 1339 2248 IV,
1382 2201 1441 2248 17,
1478 2202 1504 2240 4

223 2267 292 2305 sed
319 2270 448 2306 tamen
475 2268 547 2306 etsi
573 2268 727 2306 uberior
746 2267 960 2306 liberalitas
978 2266 1104 2311 huius,
1130 2264 1281 2314 qratior
1299 2277 1379 2303 esse
1397 2265 1502 2303 vide-

224 2327 339 2369 batur
366 2343 518 2378 eorum,
556 2332 625 2380 qui
652 2332 895 2379 occuparant
920 2328 1006 2375 XII,
1048 2328 1108 2376 10,
1136 2328 1160 2366 2
1188 2327 1252 2366 sin
1279 2328 1376 2377 quid
1399 2328 1504 2378 forte

224 2392 440 2441 titubatum,
468 2393 624 2432 minime
651 2392 836 2431 debemus
864 2394 920 2430 est
946 2391 1090 2430 addere
1118 2401 1205 2430 cum
1233 2390 1423 2430 Lambino
1451 2392 1503 2431 ad

1193 2455 1212 2490 7
1227 2451 1252 2473 ‘x
