1776 2893
766 162 1029 202 -26—

248 266 323 307 bus
350 280 390 306 es
416 266 602 315 traditur,
631 268 842 308 secundum
871 267 940 308 illa
958 267 1082 307 multo
1100 266 1224 316 plura,
1252 265 1321 306 ubi
1338 266 1546 317 omittitur,

249 332 414 369 mutare.
479 330 593 378 Quod
629 328 715 369 fieri
752 342 888 371 versus
926 334 1048 371 vetat.
1101 329 1211 377 Quae
1243 340 1337 371 cum>
1368 328 1427 368 ita
1466 330 1547 370 sint

248 392 551 432 remotissimum
579 396 641 433 est
668 396 710 433 et
736 393 1017 434 alienissimum
1042 393 1092 433 ab
1127 393 1230 433 omni
1258 405 1355 432 sana
1381 393 1545 440 ratione,

244 455 314 493 illa
341 456 522 506 exempla
549 455 691 504 quibus
718 456 972 505 participium
999 455 1124 496 futuri
1148 467 1220 505 pro
1249 455 1364 495 modo
1391 454 1544 494 finitivo

246 517 411 567 ponitur
437 519 568 558 omnia
595 521 760 559 mutare.

352 581 544 628 Quoniam
582 581 693 621 nobis
728 582 970 631 propositum
1004 584 1092 621 erat
1126 592 1193 621 eos
1230 581 1401 631 primum
1439 580 1545 620 locos

245 654 487 693 percensere,
515 643 658 693 quibus
674 644 1003 695 interrogationes
1021 647 1188 693 exstant,
1214 646 1426 694 supersunt
1444 653 1545 682 nunc

245 717 372 754 pauca
399 706 601 756 exempla,
639 708 707 747 ubi
734 707 773 747 in
801 707 970 757 simplici
997 709 1106 746 recta
1133 707 1303 747 dictione
1330 719 1371 746 es
1397 706 1544 746 omitti-

248 771 314 807 tur
341 769 448 818 apud
478 769 697 819 perfectum
724 770 974 820 deponentis:

352 832 460 872 Asin.
490 845 525 872 v.
554 832 606 872 25
640 834 830 884 quicquid
864 846 985 884 royes.
1039 833 1109 873 Ita
1147 846 1207 873 me
1247 833 1437 873 obstinate
1474 846 1543 883 ay-

243 908 412 944 yressus.

351 969 467 1008 quem
503 969 659 998 versum
709 958 765 998 sic
801 962 909 999 recte
950 970 992 998 se
1030 958 1175 998 habere
1212 969 1323 997 nemo
1372 958 1543 1007 negabit,

249 1019 315 1068 qui
336 1020 559 1069 meminerit
586 1020 797 1060 invenisse:
826 1021 945 1060 Haut.
965 1034 1000 1060 v.
1020 1020 1098 1059 815
1130 1022 1191 1059 ita
1208 1021 1380 1059 meritus.
1420 1021 1543 1058 Andr.

248 1092 284 1120 v.
313 1081 391 1122 205
417 1082 479 1121 ita
506 1082 670 1131 locutus,
697 1082 838 1132 quibus
865 1082 1085 1123 simillimus
1112 1085 1173 1123 est

353 1145 494 1185 Pseud.
522 1158 556 1185 v.
588 1147 691 1185 1130
727 1146 889 1185 Malum
933 1147 1037 1196 quod
1075 1146 1145 1185 tibi
1187 1147 1230 1185 di
1269 1146 1442 1185 dabunt:
1487 1146 1544 1184 sic

246 1208 441 1247 scelestus.

352 1274 393 1310 et
430 1271 566 1311 statim
607 1271 672 1311 hic
707 1272 947 1319 adscribam,
995 1271 1089 1321 quia
1124 1272 1202 1310 alio
1247 1272 1331 1311 loco
1369 1272 1434 1310 vix
1479 1282 1542 1310 oc-

247 1332 352 1370 casio
379 1333 468 1381 erit,

354 1395 496 1445 Hecyr.
524 1408 558 1435 v.
599 1396 697 1436 392:
735 1396 948 1436 Parturire
986 1409 1072 1436 eam
1108 1409 1181 1436 nec
1215 1396 1423 1447 yravidam
1461 1408 1543 1434 esse

250 1470 299 1496 ex
327 1461 383 1504 te,
411 1459 518 1497 solus
546 1460 745 1506 conscius,
782 1458 850 1498 ubi
878 1458 1005 1497 Bentl.
1035 1462 1075 1495 et
1102 1457 1307 1507 Umpfenb.
1335 1457 1431 1497 nihil
1460 1468 1543 1495 mu-

248 1523 447 1567 taverunt,
476 1520 664 1560 Fleckeis.
693 1520 799 1559 solus
826 1520 964 1559 scribit
992 1521 1192 1560 consciu's.

356 1582 498 1631 Amph.
526 1595 562 1621 v.
590 1583 668 1622 407
699 1583 807 1632 Quin
834 1596 936 1632 quae
955 1583 1092 1621 dixisti
1117 1583 1240 1629 modo,
1269 1583 1401 1621 omnia
1417 1594 1544 1621 emen-

250 1645 365 1691 titus,
406 1644 472 1684 ubi
511 1657 613 1695 quae
640 1656 807 1695 persona
834 1646 907 1692 sit,
945 1655 992 1683 ex
1028 1645 1166 1684 dixisti
1193 1644 1310 1684 verbo
1348 1644 1446 1684 satis
1474 1656 1545 1694 ap-

249 1710 375 1756 paret.

356 1771 543 1820 Pompon.
561 1770 635 1821 frg.
655 1771 726 1811 90:
756 1770 970 1812 Sarculum
988 1771 1080 1810 hinc
1099 1771 1168 1810 illo
1188 1770 1405 1821 profectus,
1432 1769 1546 1813 illinc

250 1834 407 1873 rediisti
442 1837 608 1873 rubrum.
665 1834 704 1873 Si
743 1834 856 1872 Ribb.
898 1834 996 1874 dicit
1042 1833 1081 1872 in
1121 1833 1393 1873 adnotatione:
1440 1843 1546 1887 ‘pro-

249 1892 404 1946 fectu’s'
443 1897 533 1936 olim
573 1897 699 1944 edidi,
736 1909 809 1936 nec
837 1909 944 1936 nunc
979 1897 1165 1947 repudio,
1204 1896 1246 1935 id
1274 1895 1420 1945 partim
1446 1893 1547 1934 falso

252 1959 399 2007 partim
438 1963 545 1999 recte
586 1960 737 1999 dictum
772 1963 853 2006 est,
902 1971 993 1997 nam
1040 1963 1148 1999 recte
1190 1959 1311 1998 sentit
1345 1958 1548 2007 profectus

254 2020 398 2060 debere
443 2032 530 2060 esse
574 2022 730 2060 modum
781 2020 976 2060 finitivum
1022 2033 1147 2070 neque
1194 2021 1365 2070 pendere
1411 2031 1436 2058 a
1486 2032 1548 2058 re-

254 2083 365 2122 diisti
391 2083 526 2131 verbo;
567 2095 688 2133 neque
715 2094 828 2131 vero,
866 2083 1048 2132 quoniam
1076 2096 1116 2122 es
1143 2094 1217 2121 non
1245 2082 1441 2130 traditur,
1481 2082 1549 2120 de—

255 2145 508 2183 siderandum
535 2148 606 2185 est.
661 2145 774 2193 Quod
802 2145 867 2185 hic
893 2145 999 2184 aliud
1040 2144 1200 2184 verbum
1239 2143 1394 2184 finitum
1421 2143 1549 2194 sequi-

255 2214 334 2255 tur,
361 2207 409 2246 de
437 2207 512 2247 hac
540 2220 581 2247 re
608 2208 686 2247 iam
714 2208 864 2258 egimus
892 2212 933 2248 et
959 2208 1056 2247 mihi
1084 2208 1149 2247 hic
1175 2207 1215 2247 in
1242 2210 1413 2247 mentem
1440 2207 1550 2246 venit

254 2270 328 2308 loci
375 2269 617 2309 Ciceroniani
663 2271 738 2310 buc
775 2271 942 2310 maxime
978 2269 1179 2310 facientis:
1227 2270 1278 2308 ad
1321 2270 1405 2308 Att.
1445 2268 1551 2314 VIII,

255 2333 293 2381 2,
328 2333 354 2370 4
382 2344 468 2383 eqo,
505 2333 542 2371 si
578 2334 625 2372 de
654 2346 759 2382 pace
797 2336 952 2384 ayebur,
986 2333 1268 2382 profecimus;
1308 2332 1344 2371 si
1370 2331 1418 2371 de
1444 2330 1551 2378 bello,

254 2395 398 2434 videro.
427 2417 479 2422 —
