<?xml version="1.0" encoding="UTF-8"?>
<!DOCTYPE html PUBLIC "-//W3C//DTD XHTML 1.0 Transitional//EN"
    "http://www.w3.org/TR/xhtml1/DTD/xhtml1-transitional.dtd">
<html xmlns="http://www.w3.org/1999/xhtml" xml:lang="en" lang="en">
 <head>
  <title>
</title>
<meta http-equiv="Content-Type" content="text/html;charset=utf-8" />
  <meta name='ocr-system' content='tesseract 3.04.00' />
  <meta name='ocr-capabilities' content='ocr_page ocr_carea ocr_par ocr_line ocrx_word'/>
</head>
<body>
  <div class='ocr_page' id='page_1' title='image "4737253_0107.png"; bbox 0 0 1776 2893; ppageno 0'>
   <div class='ocr_carea' id='block_1_1' title="bbox 0 0 161 679">
    <p class='ocr_par' dir='ltr' id='par_1_1' title="bbox 0 0 161 679">
     <span class='ocr_line' id='line_1_1' title="bbox 0 0 161 679; baseline 0 2214"><span class='ocrx_word' id='word_1_1' title='bbox 0 0 161 679; x_wconf 95' lang='lat' dir='ltr'><em> </em></span> 
     </span>
    </p>
   </div>
   <div class='ocr_carea' id='block_1_2' title="bbox 0 2495 89 2893">
    <p class='ocr_par' dir='ltr' id='par_1_2' title="bbox 0 2495 89 2893">
     <span class='ocr_line' id='line_1_2' title="bbox 0 2495 89 2893; baseline 0 0"><span class='ocrx_word' id='word_1_2' title='bbox 0 2495 89 2893; x_wconf 95' lang='lat' dir='ltr'><em> </em></span> 
     </span>
    </p>
   </div>
   <div class='ocr_carea' id='block_1_3' title="bbox 764 186 1023 226">
    <p class='ocr_par' dir='ltr' id='par_1_3' title="bbox 764 186 1023 226">
     <span class='ocr_line' id='line_1_3' title="bbox 764 186 1023 226; baseline 0.012 -12"><span class='ocrx_word' id='word_1_3' title='bbox 764 186 1023 226; x_wconf 70' lang='lat'>-97-</span> 
     </span>
    </p>
   </div>
   <div class='ocr_carea' id='block_1_4' title="bbox 226 286 1533 2289">
    <p class='ocr_par' dir='ltr' id='par_1_4' title="bbox 235 286 1533 840">
     <span class='ocr_line' id='line_1_4' title="bbox 250 286 1528 344; baseline 0.007 -16"><span class='ocrx_word' id='word_1_4' title='bbox 250 288 505 331; x_wconf 71' lang='lat' dir='ltr'><strong><em>Faciundum</em></strong></span> <span class='ocrx_word' id='word_1_5' title='bbox 530 287 575 326; x_wconf 85' lang='lat' dir='ltr'><em>id</em></span> <span class='ocrx_word' id='word_1_6' title='bbox 599 286 725 335; x_wconf 76' lang='lat' dir='ltr'><em>nobis,</em></span> <span class='ocrx_word' id='word_1_7' title='bbox 754 290 858 338; x_wconf 81' lang='lat' dir='ltr'><em>quod</em></span> <span class='ocrx_word' id='word_1_8' title='bbox 876 295 1106 339; x_wconf 76' lang='lat' dir='ltr'><em>praesentes</em></span> <span class='ocrx_word' id='word_1_9' title='bbox 1133 294 1354 344; x_wconf 82' lang='lat' dir='ltr'><em>imperant,·</em></span> <span class='ocrx_word' id='word_1_10' title='bbox 1389 297 1456 337; x_wconf 93' lang='lat' dir='ltr'><em>ubi</em></span> <span class='ocrx_word' id='word_1_11' title='bbox 1483 298 1528 337; x_wconf 90' lang='lat' dir='ltr'><em>R.</em></span> 
     </span>
     <span class='ocr_line' id='line_1_5' title="bbox 246 348 1529 409; baseline 0.006 -17"><span class='ocrx_word' id='word_1_12' title='bbox 246 351 524 404; x_wconf 68' lang='lat' dir='ltr'><strong><em>faciundumst</em></strong></span> <span class='ocrx_word' id='word_1_13' title='bbox 557 349 667 389; x_wconf 86' lang='lat' dir='ltr'><em>nobis</em></span> <span class='ocrx_word' id='word_1_14' title='bbox 701 348 800 390; x_wconf 82' lang='lat' dir='ltr'><em>falso</em></span> <span class='ocrx_word' id='word_1_15' title='bbox 827 352 1003 402; x_wconf 84' lang='lat' dir='ltr'><em>scripsit;</em></span> <span class='ocrx_word' id='word_1_16' title='bbox 1038 354 1146 395; x_wconf 86' lang='lat' dir='ltr'><em>Asin.</em></span> <span class='ocrx_word' id='word_1_17' title='bbox 1172 368 1206 395; x_wconf 88' lang='lat' dir='ltr'><em>v.</em></span> <span class='ocrx_word' id='word_1_18' title='bbox 1236 356 1311 397; x_wconf 84' lang='lat'><em>778</em></span> <span class='ocrx_word' id='word_1_19' title='bbox 1341 358 1529 409; x_wconf 86' lang='lat' dir='ltr'><em>Spectan-</em></span> 
     </span>
     <span class='ocr_line' id='line_1_6' title="bbox 249 412 1531 471; baseline 0.006 -16"><span class='ocrx_word' id='word_1_20' title='bbox 249 416 342 455; x_wconf 83' lang='lat' dir='ltr'><em>dum</em></span> <span class='ocrx_word' id='word_1_21' title='bbox 367 427 433 453; x_wconf 88' lang='lat' dir='ltr'><em>ne·</em></span> <span class='ocrx_word' id='word_1_22' title='bbox 450 412 548 463; x_wconf 82' lang='lat' dir='ltr'><em>&#39;quoi</em></span> <span class='ocrx_word' id='word_1_23' title='bbox 575 413 739 452; x_wconf 84' lang='lat' dir='ltr'><em>anulum</em></span> <span class='ocrx_word' id='word_1_24' title='bbox 778 413 843 452; x_wconf 91' lang='lat' dir='ltr'><em>det</em></span> <span class='ocrx_word' id='word_1_25' title='bbox 868 413 968 453; x_wconf 89' lang='lat' dir='ltr'><em>Men.</em></span> <span class='ocrx_word' id='word_1_26' title='bbox 997 427 1032 453; x_wconf 88' lang='lat' dir='ltr'><em>v.</em></span> <span class='ocrx_word' id='word_1_27' title='bbox 1062 417 1134 456; x_wconf 88' lang='grc'><em>661</em></span> <span class='ocrx_word' id='word_1_28' title='bbox 1178 418 1225 457; x_wconf 83' lang='lat' dir='ltr'><em>Si</em></span> <span class='ocrx_word' id='word_1_29' title='bbox 1252 420 1320 459; x_wconf 82' lang='lat' dir='ltr'><em>tibi</em></span> <span class='ocrx_word' id='word_1_30' title='bbox 1347 422 1531 471; x_wconf 77' lang='lat' dir='ltr'><em>displiceo</em></span> 
     </span>
     <span class='ocr_line' id='line_1_7' title="bbox 241 475 1533 531; baseline 0.005 -13"><span class='ocrx_word' id='word_1_31' title='bbox 241 477 504 529; x_wconf 76' lang='lat' dir='ltr'><em>patiumdum,</em></span> <span class='ocrx_word' id='word_1_32' title='bbox 550 478 595 514; x_wconf 91' lang='lat' dir='ltr'><em>at</em></span> <span class='ocrx_word' id='word_1_33' title='bbox 625 475 816 525; x_wconf 79' lang='lat' dir='ltr'><em>placuero</em></span> <span class='ocrx_word' id='word_1_34' title='bbox 866 477 955 516; x_wconf 81' lang='lat' dir='ltr'><em>huic</em></span> <span class='ocrx_word' id='word_1_35' title='bbox 1001 477 1142 518; x_wconf 83' lang='lat' dir='ltr'><em>Erotio</em></span> <span class='ocrx_word' id='word_1_36' title='bbox 1175 481 1220 520; x_wconf 90' lang='lat' dir='ltr'><em>R.</em></span> <span class='ocrx_word' id='word_1_37' title='bbox 1253 484 1533 531; x_wconf 86' lang='lat' dir='ltr'><em>patiundumst</em></span> 
     </span>
     <span class='ocr_line' id='line_1_8' title="bbox 240 538 1531 592; baseline 0.005 -11"><span class='ocrx_word' id='word_1_38' title='bbox 240 541 373 592; x_wconf 89' lang='lat' dir='ltr'><em>plac.;</em></span> <span class='ocrx_word' id='word_1_39' title='bbox 411 539 480 581; x_wconf 83' lang='lat' dir='ltr'><em>sed</em></span> <span class='ocrx_word' id='word_1_40' title='bbox 521 538 618 578; x_wconf 88' lang='lat' dir='ltr'><em>illud</em></span> <span class='ocrx_word' id='word_1_41' title='bbox 647 541 692 577; x_wconf 91' lang='lat' dir='ltr'><em>at</em></span> <span class='ocrx_word' id='word_1_42' title='bbox 716 549 832 587; x_wconf 77' lang='lat' dir='ltr'><em>quam</em></span> <span class='ocrx_word' id='word_1_43' title='bbox 862 545 998 588; x_wconf 86' lang='lat' dir='ltr'><em>aptum</em></span> <span class='ocrx_word' id='word_1_44' title='bbox 1026 541 1088 588; x_wconf 88' lang='lat' dir='ltr'><em>sit,</em></span> <span class='ocrx_word' id='word_1_45' title='bbox 1126 542 1323 584; x_wconf 84' lang='lat' dir='ltr'><em>Vahlenus</em></span> <span class='ocrx_word' id='word_1_46' title='bbox 1351 547 1402 585; x_wconf 86' lang='lat' dir='ltr'><em>ad</em></span> <span class='ocrx_word' id='word_1_47' title='bbox 1430 547 1531 587; x_wconf 87' lang='lat' dir='ltr'><em>hunc</em></span> 
     </span>
     <span class='ocr_line' id='line_1_9' title="bbox 235 601 1531 656; baseline 0.007 -16"><span class='ocrx_word' id='word_1_48' title='bbox 235 604 371 652; x_wconf 16' lang='lat' dir='ltr'><em>‘locum</em></span> <span class='ocrx_word' id='word_1_49' title='bbox 408 602 584 641; x_wconf 83' lang='lat' dir='ltr'><em>adnotat.</em></span> <span class='ocrx_word' id='word_1_50' title='bbox 631 601 788 641; x_wconf 88' lang='lat' dir='ltr'><em>Phorm.</em></span> <span class='ocrx_word' id='word_1_51' title='bbox 816 613 851 640; x_wconf 83' lang='lat' dir='ltr'><em>v.</em></span> <span class='ocrx_word' id='word_1_52' title='bbox 881 602 958 641; x_wconf 82' lang='lat'><em>249</em></span> <span class='ocrx_word' id='word_1_53' title='bbox 997 603 1196 643; x_wconf 83' lang='lat' dir='ltr'><em>adsentior</em></span> <span class='ocrx_word' id='word_1_54' title='bbox 1223 605 1531 656; x_wconf 78' lang='lat' dir='ltr'><em>Umpfenbachio</em></span> 
     </span>
     <span class='ocr_line' id='line_1_10' title="bbox 245 664 1531 720; baseline 0.005 -15"><span class='ocrx_word' id='word_1_55' title='bbox 245 666 301 708; x_wconf 86' lang='lat' dir='ltr'><em>sic</em></span> <span class='ocrx_word' id='word_1_56' title='bbox 328 664 533 704; x_wconf 84' lang='lat' dir='ltr'><em>scribenti:</em></span> <span class='ocrx_word' id='word_1_57' title='bbox 562 664 794 704; x_wconf 72' lang='lat' dir='ltr'><em>Molendum</em></span> <span class='ocrx_word' id='word_1_58' title='bbox 821 677 945 714; x_wconf 79' lang='lat' dir='ltr'><em>usque</em></span> <span class='ocrx_word' id='word_1_59' title='bbox 970 666 1017 704; x_wconf 84' lang='lat' dir='ltr'><em>in</em></span> <span class='ocrx_word' id='word_1_60' title='bbox 1036 667 1221 715; x_wconf 83' lang='lat' dir='ltr'><em>pistrino,</em></span> <span class='ocrx_word' id='word_1_61' title='bbox 1249 670 1531 720; x_wconf 86' lang='lat' dir='ltr'><em>vapulandum,</em></span> 
     </span>
     <span class='ocr_line' id='line_1_11' title="bbox 244 727 1530 777; baseline 0.003 -8"><span class='ocrx_word' id='word_1_62' title='bbox 244 728 449 769; x_wconf 69' lang='lat' dir='ltr'><em>habendae</em></span> <span class='ocrx_word' id='word_1_63' title='bbox 471 727 669 777; x_wconf 82' lang='lat' dir='ltr'><em>compedes</em></span> <span class='ocrx_word' id='word_1_64' title='bbox 701 727 808 777; x_wconf 89' lang='lat' dir='ltr'><em>Opus</em></span> <span class='ocrx_word' id='word_1_65' title='bbox 833 728 923 766; x_wconf 89' lang='lat' dir='ltr'><em>ruri</em></span> <span class='ocrx_word' id='word_1_66' title='bbox 945 728 1176 777; x_wconf 79' lang='lat' dir='ltr'><em>faciendum</em></span> <span class='ocrx_word' id='word_1_67' title='bbox 1203 744 1276 770; x_wconf 80' lang='lat'><strong>-—.·</strong></span> <span class='ocrx_word' id='word_1_68' title='bbox 1303 732 1360 771; x_wconf 85' lang='lat' dir='ltr'><em>Fl.</em></span> <span class='ocrx_word' id='word_1_69' title='bbox 1388 735 1530 773; x_wconf 91' lang='lat' dir='ltr'><em>molen-</em></span> 
     </span>
     <span class='ocr_line' id='line_1_12' title="bbox 245 790 1040 840; baseline -0.005 -8"><span class='ocrx_word' id='word_1_70' title='bbox 245 793 375 832; x_wconf 85' lang='lat' dir='ltr'><em>dumst</em></span> <span class='ocrx_word' id='word_1_71' title='bbox 401 791 443 830; x_wconf 84' lang='lat' dir='ltr'><em>in</em></span> <span class='ocrx_word' id='word_1_72' title='bbox 464 790 639 840; x_wconf 75' lang='lat' dir='ltr'><em>pistrino</em></span> <span class='ocrx_word' id='word_1_73' title='bbox 1036 796 1040 800; x_wconf 82' lang='grc'><strong>’</strong></span> 
     </span>
    </p>

    <p class='ocr_par' dir='ltr' id='par_1_5' title="bbox 226 852 1530 2289">
     <span class='ocr_line' id='line_1_13' title="bbox 349 852 1530 906; baseline 0.006 -14"><span class='ocrx_word' id='word_1_74' title='bbox 349 853 392 893; x_wconf 89' lang='lat' dir='ltr'><em>Si</em></span> <span class='ocrx_word' id='word_1_75' title='bbox 412 864 515 893; x_wconf 85' lang='lat' dir='ltr'><em>nunc</em></span> <span class='ocrx_word' id='word_1_76' title='bbox 542 853 592 892; x_wconf 87' lang='lat' dir='ltr'><em>ad</em></span> <span class='ocrx_word' id='word_1_77' title='bbox 613 852 789 902; x_wconf 78' lang='lat' dir='ltr'><em>perfecta</em></span> <span class='ocrx_word' id='word_1_78' title='bbox 815 853 963 902; x_wconf 81' lang='lat' dir='ltr'><em>passivi</em></span> <span class='ocrx_word' id='word_1_79' title='bbox 990 857 1031 893; x_wconf 82' lang='lat' dir='ltr'><em>et</em></span> <span class='ocrx_word' id='word_1_80' title='bbox 1050 855 1279 904; x_wconf 83' lang='lat' dir='ltr'><em>deponentis</em></span> <span class='ocrx_word' id='word_1_81' title='bbox 1307 859 1530 906; x_wconf 82' lang='lat' dir='ltr'><em>transimus,</em></span> 
     </span>
     <span class='ocr_line' id='line_1_14' title="bbox 242 915 1529 970; baseline 0.003 -13"><span class='ocrx_word' id='word_1_82' title='bbox 242 917 383 957; x_wconf 83' lang='lat' dir='ltr'><em>iterum</em></span> <span class='ocrx_word' id='word_1_83' title='bbox 420 915 653 965; x_wconf 83' lang='lat' dir='ltr'><em>incipiamus</em></span> <span class='ocrx_word' id='word_1_84' title='bbox 689 915 738 955; x_wconf 79' lang='lat' dir='ltr'><em>ab</em></span> <span class='ocrx_word' id='word_1_85' title='bbox 777 915 963 965; x_wconf 79' lang='lat' dir='ltr'><em>exemplis</em></span> <span class='ocrx_word' id='word_1_86' title='bbox 993 916 1272 959; x_wconf 84' lang='lat' dir='ltr'><em>Ciceronianis:</em></span> <span class='ocrx_word' id='word_1_87' title='bbox 1309 921 1360 960; x_wconf 84' lang='lat' dir='ltr'><em>ad</em></span> <span class='ocrx_word' id='word_1_88' title='bbox 1388 921 1472 962; x_wconf 90' lang='lat' dir='ltr'><em>Att.</em></span> <span class='ocrx_word' id='word_1_89' title='bbox 1501 924 1529 970; x_wconf 95' lang='grc' dir='ltr'>Ι,</span> 
     </span>
     <span class='ocr_line' id='line_1_15' title="bbox 244 979 1530 1028; baseline 0.005 -11"><span class='ocrx_word' id='word_1_90' title='bbox 244 980 303 1027; x_wconf 90' lang='grc'><em>18,</em></span> <span class='ocrx_word' id='word_1_91' title='bbox 331 979 355 1018; x_wconf 88' lang='grc'><strong>3</strong></span> <span class='ocrx_word' id='word_1_92' title='bbox 381 979 490 1028; x_wconf 82' lang='lat' dir='ltr'><em>facto</em></span> <span class='ocrx_word' id='word_1_93' title='bbox 511 982 673 1017; x_wconf 88' lang='lat' dir='ltr'><em>senatus</em></span> <span class='ocrx_word' id='word_1_94' title='bbox 703 979 875 1017; x_wconf 89' lang='lat' dir='ltr'><em>consulto</em></span> <span class='ocrx_word' id='word_1_95' title='bbox 902 979 949 1017; x_wconf 87' lang='lat' dir='ltr'><em>de</em></span> <span class='ocrx_word' id='word_1_96' title='bbox 967 980 1134 1028; x_wconf 84' lang='lat' dir='ltr'><em>ambitu,</em></span> <span class='ocrx_word' id='word_1_97' title='bbox 1163 982 1211 1020; x_wconf 89' lang='lat' dir='ltr'><em>de</em></span> <span class='ocrx_word' id='word_1_98' title='bbox 1237 983 1397 1022; x_wconf 87' lang='lat' dir='ltr'><em>iudiciis</em></span> <span class='ocrx_word' id='word_1_99' title='bbox 1415 986 1530 1024; x_wconf 87' lang='lat' dir='ltr'><em>nulla</em></span> 
     </span>
     <span class='ocr_line' id='line_1_16' title="bbox 242 1041 1527 1095; baseline 0.004 -13"><span class='ocrx_word' id='word_1_100' title='bbox 242 1042 304 1082; x_wconf 75' lang='lat' dir='ltr'><em>lex</em></span> <span class='ocrx_word' id='word_1_101' title='bbox 333 1042 516 1092; x_wconf 86' lang='lat' dir='ltr'><em>perlata,</em></span> <span class='ocrx_word' id='word_1_102' title='bbox 555 1041 778 1092; x_wconf 76' lang='lat' dir='ltr'><em>exayitatus</em></span> <span class='ocrx_word' id='word_1_103' title='bbox 813 1044 974 1081; x_wconf 84' lang='lat' dir='ltr'><em>senatus</em></span> <span class='ocrx_word' id='word_1_104' title='bbox 983 1055 997 1090; x_wconf 91' lang='lat'>,·</span> <span class='ocrx_word' id='word_1_105' title='bbox 1036 1042 1101 1090; x_wconf 93' lang='lat' dir='ltr'><em>IV,</em></span> <span class='ocrx_word' id='word_1_106' title='bbox 1133 1044 1191 1091; x_wconf 88' lang='lat'><em>19,</em></span> <span class='ocrx_word' id='word_1_107' title='bbox 1233 1045 1276 1093; x_wconf 88' lang='lat'><em>3;</em></span> <span class='ocrx_word' id='word_1_108' title='bbox 1314 1045 1381 1095; x_wconf 89' lang='lat' dir='ltr'><em>VI,</em></span> <span class='ocrx_word' id='word_1_109' title='bbox 1413 1046 1473 1095; x_wconf 85' lang='lat'>15,</span> <span class='ocrx_word' id='word_1_110' title='bbox 1502 1048 1527 1087; x_wconf 85' lang='lat'><strong><em>2</em></strong></span> 
     </span>
     <span class='ocr_line' id='line_1_17' title="bbox 239 1104 1526 1158; baseline 0.004 -13"><span class='ocrx_word' id='word_1_111' title='bbox 239 1107 313 1145; x_wconf 85' lang='lat' dir='ltr'><em>uni</em></span> <span class='ocrx_word' id='word_1_112' title='bbox 353 1105 533 1146; x_wconf 86' lang='lat' dir='ltr'><em>Favonio</em></span> <span class='ocrx_word' id='word_1_113' title='bbox 569 1104 668 1155; x_wconf 77' lang='lat' dir='ltr'><em>leyes</em></span> <span class='ocrx_word' id='word_1_114' title='bbox 702 1105 752 1143; x_wconf 94' lang='lat' dir='ltr'><em>ab</em></span> <span class='ocrx_word' id='word_1_115' title='bbox 788 1105 856 1144; x_wconf 81' lang='lat' dir='ltr'><em>illo</em></span> <span class='ocrx_word' id='word_1_116' title='bbox 892 1104 1002 1144; x_wconf 87' lang='lat' dir='ltr'><em>nobis</em></span> <span class='ocrx_word' id='word_1_117' title='bbox 1037 1106 1189 1155; x_wconf 86' lang='lat' dir='ltr'><em>imponi</em></span> <span class='ocrx_word' id='word_1_118' title='bbox 1221 1120 1301 1146; x_wconf 91' lang='lat' dir='ltr'><em>non</em></span> <span class='ocrx_word' id='word_1_119' title='bbox 1329 1109 1526 1158; x_wconf 77' lang='lat' dir='ltr'><em>placebat,</em></span> 
     </span>
     <span class='ocr_line' id='line_1_18' title="bbox 239 1167 1526 1223; baseline 0.004 -15"><span class='ocrx_word' id='word_1_120' title='bbox 239 1169 308 1208; x_wconf 89' lang='lat' dir='ltr'><em>sed</em></span> <span class='ocrx_word' id='word_1_121' title='bbox 345 1169 381 1208; x_wconf 89' lang='lat' dir='ltr'><em>is</em></span> <span class='ocrx_word' id='word_1_122' title='bbox 420 1168 529 1207; x_wconf 80' lang='lat' dir='ltr'><em>haud</em></span> <span class='ocrx_word' id='word_1_123' title='bbox 555 1168 717 1207; x_wconf 87' lang='lat' dir='ltr'><em>auditus</em></span> <span class='ocrx_word' id='word_1_124' title='bbox 751 1168 796 1207; x_wconf 89' lang='lat' dir='ltr'><em>in</em></span> <span class='ocrx_word' id='word_1_125' title='bbox 823 1167 1006 1216; x_wconf 53' lang='lat' dir='ltr'><em>consilia·</em></span> <span class='ocrx_word' id='word_1_126' title='bbox 1044 1168 1115 1216; x_wconf 87' lang='grc' dir='ltr'>ΙΙΙ,</span> <span class='ocrx_word' id='word_1_127' title='bbox 1155 1170 1190 1217; x_wconf 87' lang='grc'>7,</span> <span class='ocrx_word' id='word_1_128' title='bbox 1221 1171 1239 1209; x_wconf 96' lang='grc'>1</span> <span class='ocrx_word' id='word_1_129' title='bbox 1277 1169 1526 1223; x_wconf 72' lang='lat' dir='ltr'><em>Crassipedis</em></span> 
     </span>
     <span class='ocr_line' id='line_1_19' title="bbox 240 1231 1523 1286; baseline 0.003 -15"><span class='ocrx_word' id='word_1_130' title='bbox 240 1232 451 1275; x_wconf 76' lang='lat' dir='ltr'><em>ambulatio</em></span> <span class='ocrx_word' id='word_1_131' title='bbox 470 1231 616 1279; x_wconf 88' lang='lat' dir='ltr'><em>ablata,</em></span> <span class='ocrx_word' id='word_1_132' title='bbox 643 1231 754 1279; x_wconf 81' lang='lat' dir='ltr'><em>horti,</em></span> <span class='ocrx_word' id='word_1_133' title='bbox 784 1231 969 1270; x_wconf 85' lang='lat' dir='ltr'><em>tabernae</em></span> <span class='ocrx_word' id='word_1_134' title='bbox 989 1231 1190 1280; x_wconf 82' lang='lat' dir='ltr'><em>plurimae</em></span> <span class='ocrx_word' id='word_1_135' title='bbox 1201 1246 1215 1281; x_wconf 91' lang='lat'><em>;</em></span> <span class='ocrx_word' id='word_1_136' title='bbox 1242 1235 1298 1273; x_wconf 88' lang='lat' dir='ltr'><em>ad</em></span> <span class='ocrx_word' id='word_1_137' title='bbox 1320 1235 1415 1284; x_wconf 82' lang='lat' dir='ltr'><em>fam.</em></span> <span class='ocrx_word' id='word_1_138' title='bbox 1435 1236 1523 1286; x_wconf 89' lang='lat' dir='ltr'>XII,</span> 
     </span>
     <span class='ocr_line' id='line_1_20' title="bbox 238 1294 1523 1347; baseline 0.003 -13"><span class='ocrx_word' id='word_1_139' title='bbox 238 1296 301 1343; x_wconf 82' lang='lat'>25,</span> <span class='ocrx_word' id='word_1_140' title='bbox 334 1297 351 1333; x_wconf 92' lang='lat' dir='ltr'>l</span> <span class='ocrx_word' id='word_1_141' title='bbox 379 1295 533 1345; x_wconf 81' lang='lat' dir='ltr'><em>factum</em></span> <span class='ocrx_word' id='word_1_142' title='bbox 560 1294 607 1333; x_wconf 86' lang='lat' dir='ltr'><em>de</em></span> <span class='ocrx_word' id='word_1_143' title='bbox 627 1296 662 1332; x_wconf 91' lang='lat' dir='ltr'><em>te</em></span> <span class='ocrx_word' id='word_1_144' title='bbox 680 1296 842 1340; x_wconf 86' lang='lat' dir='ltr'><em>senatus</em></span> <span class='ocrx_word' id='word_1_145' title='bbox 862 1294 1079 1333; x_wconf 87' lang='lat' dir='ltr'><em>consultum</em></span> <span class='ocrx_word' id='word_1_146' title='bbox 1097 1295 1362 1345; x_wconf 76' lang='lat' dir='ltr'><em>honorificum,</em></span> <span class='ocrx_word' id='word_1_147' title='bbox 1384 1302 1523 1347; x_wconf 88' lang='lat' dir='ltr'><em>postu-</em></span> 
     </span>
     <span class='ocr_line' id='line_1_21' title="bbox 239 1356 1523 1409; baseline 0.002 -12"><span class='ocrx_word' id='word_1_148' title='bbox 239 1358 395 1397; x_wconf 79' lang='lat' dir='ltr'><em>labatur</em></span> <span class='ocrx_word' id='word_1_149' title='bbox 421 1370 496 1405; x_wconf 89' lang='lat'><em>—;</em></span> <span class='ocrx_word' id='word_1_150' title='bbox 523 1357 574 1396; x_wconf 83' lang='lat' dir='ltr'><em>ad</em></span> <span class='ocrx_word' id='word_1_151' title='bbox 601 1357 684 1395; x_wconf 88' lang='lat' dir='ltr'><em>Att.</em></span> <span class='ocrx_word' id='word_1_152' title='bbox 714 1356 801 1405; x_wconf 91' lang='lat' dir='ltr'>XII,</span> <span class='ocrx_word' id='word_1_153' title='bbox 831 1356 891 1403; x_wconf 84' lang='lat'>13,</span> <span class='ocrx_word' id='word_1_154' title='bbox 920 1357 939 1395; x_wconf 94' lang='lat'>1</span> <span class='ocrx_word' id='word_1_155' title='bbox 979 1357 1107 1405; x_wconf 84' lang='lat' dir='ltr'><em>fatale</em></span> <span class='ocrx_word' id='word_1_156' title='bbox 1144 1360 1273 1398; x_wconf 88' lang='lat' dir='ltr'><em>nescio</em></span> <span class='ocrx_word' id='word_1_157' title='bbox 1309 1361 1405 1409; x_wconf 82' lang='lat' dir='ltr'><em>quid</em></span> <span class='ocrx_word' id='word_1_158' title='bbox 1432 1364 1523 1400; x_wconf 83' lang='lat' dir='ltr'><em>tuae</em></span> 
     </span>
     <span class='ocr_line' id='line_1_22' title="bbox 236 1414 1522 1469; baseline 0.002 -11"><span class='ocrx_word' id='word_1_159' title='bbox 236 1420 374 1458; x_wconf 81' lang='lat' dir='ltr'><em>virtuti</em></span> <span class='ocrx_word' id='word_1_160' title='bbox 401 1420 556 1465; x_wconf 88' lang='lat' dir='ltr'><em>datum,</em></span> <span class='ocrx_word' id='word_1_161' title='bbox 593 1419 638 1457; x_wconf 85' lang='lat' dir='ltr'><em>id</em></span> <span class='ocrx_word' id='word_1_162' title='bbox 664 1419 768 1467; x_wconf 82' lang='lat' dir='ltr'><em>quod</em></span> <span class='ocrx_word' id='word_1_163' title='bbox 793 1431 910 1467; x_wconf 86' lang='lat' dir='ltr'><em>saepe</em></span> <span class='ocrx_word' id='word_1_164' title='bbox 936 1419 1018 1456; x_wconf 85' lang='lat' dir='ltr'><em>iam</em></span> <span class='ocrx_word' id='word_1_165' title='bbox 1035 1414 1196 1468; x_wconf 74' lang='lat' dir='ltr'><em>¹experti</em></span> <span class='ocrx_word' id='word_1_166' title='bbox 1222 1433 1380 1469; x_wconf 89' lang='lat' dir='ltr'><em>sumus;</em></span> <span class='ocrx_word' id='word_1_167' title='bbox 1407 1423 1522 1461; x_wconf 85' lang='lat' dir='ltr'><em>Falso</em></span> 
     </span>
     <span class='ocr_line' id='line_1_23' title="bbox 236 1481 1523 1533; baseline 0.003 -12"><span class='ocrx_word' id='word_1_168' title='bbox 236 1482 358 1531; x_wconf 86' lang='lat' dir='ltr'><em>igitur</em></span> <span class='ocrx_word' id='word_1_169' title='bbox 383 1483 535 1521; x_wconf 83' lang='lat' dir='ltr'><em>addunt</em></span> <span class='ocrx_word' id='word_1_170' title='bbox 563 1481 635 1520; x_wconf 86' lang='lat' dir='ltr'><em>viri</em></span> <span class='ocrx_word' id='word_1_171' title='bbox 663 1481 769 1521; x_wconf 85' lang='lat' dir='ltr'><em>docti</em></span> <span class='ocrx_word' id='word_1_172' title='bbox 798 1484 877 1521; x_wconf 88' lang='lat' dir='ltr'><em>est:</em></span> <span class='ocrx_word' id='word_1_173' title='bbox 914 1481 964 1519; x_wconf 81' lang='lat' dir='ltr'><em>ad</em></span> <span class='ocrx_word' id='word_1_174' title='bbox 995 1481 1073 1520; x_wconf 85' lang='lat' dir='ltr'><em>Att.</em></span> <span class='ocrx_word' id='word_1_175' title='bbox 1102 1481 1188 1530; x_wconf 94' lang='lat' dir='ltr'>VII,</span> <span class='ocrx_word' id='word_1_176' title='bbox 1228 1483 1288 1533; x_wconf 84' lang='lat'>17,</span> <span class='ocrx_word' id='word_1_177' title='bbox 1315 1484 1342 1523; x_wconf 89' lang='lat'>4</span> <span class='ocrx_word' id='word_1_178' title='bbox 1370 1488 1523 1525; x_wconf 87' lang='lat' dir='ltr'><em>tantum</em></span> 
     </span>
     <span class='ocr_line' id='line_1_24' title="bbox 235 1542 1523 1597; baseline 0.002 -12"><span class='ocrx_word' id='word_1_179' title='bbox 235 1546 331 1585; x_wconf 84' lang='lat' dir='ltr'><em>mali</em></span> <span class='ocrx_word' id='word_1_180' title='bbox 360 1547 434 1594; x_wconf 84' lang='lat' dir='ltr'><em>[est</em></span> <span class='ocrx_word' id='word_1_181' title='bbox 459 1542 565 1596; x_wconf 64' lang='lat' dir='ltr'>add]</span> <span class='ocrx_word' id='word_1_182' title='bbox 596 1545 807 1583; x_wconf 78' lang='lat' dir='ltr'><em>excitatum</em></span> <span class='ocrx_word' id='word_1_183' title='bbox 828 1544 979 1593; x_wconf 80' lang='lat' dir='ltr'><em>partim</em></span> <span class='ocrx_word' id='word_1_184' title='bbox 1005 1556 1052 1582; x_wconf 80' lang='lat' dir='ltr'><em>ex</em></span> <span class='ocrx_word' id='word_1_185' title='bbox 1077 1545 1273 1594; x_wconf 79' lang='lat' dir='ltr'><em>improbis,</em></span> <span class='ocrx_word' id='word_1_186' title='bbox 1295 1549 1448 1597; x_wconf 86' lang='lat' dir='ltr'><em>partim</em></span> <span class='ocrx_word' id='word_1_187' title='bbox 1475 1562 1523 1588; x_wconf 76' lang='lat' dir='ltr'><em>ex</em></span> 
     </span>
     <span class='ocr_line' id='line_1_25' title="bbox 233 1606 1520 1658; baseline 0.002 -9"><span class='ocrx_word' id='word_1_188' title='bbox 233 1609 380 1651; x_wconf 80' lang='lat' dir='ltr'><em>invidis</em></span> <span class='ocrx_word' id='word_1_189' title='bbox 414 1609 559 1650; x_wconf 83' lang='lat' dir='ltr'><em>civibus</em></span> <span class='ocrx_word' id='word_1_190' title='bbox 578 1612 637 1648; x_wconf 87' lang='lat' dir='ltr'><em>·et</em></span> <span class='ocrx_word' id='word_1_191' title='bbox 664 1608 714 1647; x_wconf 85' lang='lat' dir='ltr'><em>ad</em></span> <span class='ocrx_word' id='word_1_192' title='bbox 743 1606 831 1647; x_wconf 81' lang='lat' dir='ltr'><em>fam.</em></span> <span class='ocrx_word' id='word_1_193' title='bbox 859 1607 967 1655; x_wconf 93' lang='lat' dir='ltr'>VIII,</span> <span class='ocrx_word' id='word_1_194' title='bbox 995 1608 1032 1656; x_wconf 89' lang='lat'><em>4,</em></span> <span class='ocrx_word' id='word_1_195' title='bbox 1060 1608 1086 1648; x_wconf 82' lang='lat'>5</span> <span class='ocrx_word' id='word_1_196' title='bbox 1117 1612 1331 1658; x_wconf 88' lang='lat' dir='ltr'><em>praeterea</em></span> <span class='ocrx_word' id='word_1_197' title='bbox 1357 1613 1520 1652; x_wconf 85' lang='lat' dir='ltr'><em>nuntia-</em></span> 
     </span>
     <span class='ocr_line' id='line_1_26' title="bbox 235 1671 1519 1723; baseline 0.002 -13"><span class='ocrx_word' id='word_1_198' title='bbox 235 1675 316 1711; x_wconf 86' lang='lat' dir='ltr'><em>tum</em></span> <span class='ocrx_word' id='word_1_199' title='bbox 354 1673 462 1711; x_wconf 83' lang='lat' dir='ltr'><em>nobis</em></span> <span class='ocrx_word' id='word_1_200' title='bbox 500 1675 538 1711; x_wconf 90' lang='lat' dir='ltr'><em>et</em></span> <span class='ocrx_word' id='word_1_201' title='bbox 565 1683 644 1721; x_wconf 89' lang='lat' dir='ltr'><em>pro</em></span> <span class='ocrx_word' id='word_1_202' title='bbox 691 1673 793 1709; x_wconf 88' lang='lat' dir='ltr'><em>certo</em></span> <span class='ocrx_word' id='word_1_203' title='bbox 832 1672 914 1709; x_wconf 84' lang='lat' dir='ltr'><em>iam</em></span> <span class='ocrx_word' id='word_1_204' title='bbox 949 1671 1111 1709; x_wconf 77' lang='lat' dir='ltr'><em>babetur</em></span> <span class='ocrx_word' id='word_1_205' title='bbox 1150 1685 1277 1723; x_wconf 73' lang='lat' dir='ltr'><em>reqem</em></span> <span class='ocrx_word' id='word_1_206' title='bbox 1314 1678 1519 1722; x_wconf 86' lang='lat' dir='ltr'><em>mortuum,</em></span> 
     </span>
     <span class='ocr_line' id='line_1_27' title="bbox 233 1733 1518 1785; baseline 0.002 -11"><span class='ocrx_word' id='word_1_207' title='bbox 233 1746 346 1784; x_wconf 86' lang='lat' dir='ltr'><em>quem</em></span> <span class='ocrx_word' id='word_1_208' title='bbox 385 1735 510 1776; x_wconf 83' lang='lat' dir='ltr'><em>locum</em></span> <span class='ocrx_word' id='word_1_209' title='bbox 546 1735 623 1774; x_wconf 85' lang='lat' dir='ltr'><em>iam</em></span> <span class='ocrx_word' id='word_1_210' title='bbox 653 1734 855 1774; x_wconf 82' lang='lat' dir='ltr'><em>attulimus</em></span> <span class='ocrx_word' id='word_1_211' title='bbox 882 1745 918 1783; x_wconf 88' lang='lat' dir='ltr'><em>p.</em></span> <span class='ocrx_word' id='word_1_212' title='bbox 947 1733 1009 1781; x_wconf 77' lang='lat'>63,</span> <span class='ocrx_word' id='word_1_213' title='bbox 1037 1738 1077 1773; x_wconf 85' lang='lat' dir='ltr'><em>et</em></span> <span class='ocrx_word' id='word_1_214' title='bbox 1105 1734 1212 1783; x_wconf 91' lang='lat' dir='ltr'>VIII,</span> <span class='ocrx_word' id='word_1_215' title='bbox 1240 1738 1277 1785; x_wconf 88' lang='lat'><em>5,</em></span> <span class='ocrx_word' id='word_1_216' title='bbox 1305 1737 1330 1776; x_wconf 88' lang='lat'>3</span> <span class='ocrx_word' id='word_1_217' title='bbox 1366 1737 1435 1776; x_wconf 77' lang='lat' dir='ltr'><em>boc</em></span> <span class='ocrx_word' id='word_1_218' title='bbox 1461 1739 1518 1777; x_wconf 85' lang='lat' dir='ltr'><em>sic</em></span> 
     </span>
     <span class='ocr_line' id='line_1_28' title="bbox 226 1793 1516 1849; baseline 0.002 -13"><span class='ocrx_word' id='word_1_219' title='bbox 226 1799 445 1846; x_wconf 81' lang='lat' dir='ltr'><em>praeterito</em></span> <span class='ocrx_word' id='word_1_220' title='bbox 481 1793 591 1836; x_wconf 52' lang='lat' dir='ltr'><em>&#39;anno</em></span> <span class='ocrx_word' id='word_1_221' title='bbox 624 1796 744 1836; x_wconf 82' lang='lat' dir='ltr'><em>C&#39;urio</em></span> <span class='ocrx_word' id='word_1_222' title='bbox 782 1797 962 1835; x_wconf 86' lang='lat' dir='ltr'><em>tribunus</em></span> <span class='ocrx_word' id='word_1_223' title='bbox 1002 1799 1040 1834; x_wconf 89' lang='lat' dir='ltr'><em>et</em></span> <span class='ocrx_word' id='word_1_224' title='bbox 1065 1798 1199 1836; x_wconf 85' lang='lat' dir='ltr'><em>eadem</em></span> <span class='ocrx_word' id='word_1_225' title='bbox 1226 1800 1327 1837; x_wconf 87' lang='lat' dir='ltr'><em>actio</em></span> <span class='ocrx_word' id='word_1_226' title='bbox 1355 1800 1401 1838; x_wconf 88' lang='lat' dir='ltr'><em>de</em></span> <span class='ocrx_word' id='word_1_227' title='bbox 1421 1812 1516 1849; x_wconf 90' lang='lat' dir='ltr'><em>pro-</em></span> 
     </span>
     <span class='ocr_line' id='line_1_29' title="bbox 230 1857 1514 1911; baseline 0.002 -12"><span class='ocrx_word' id='word_1_228' title='bbox 230 1861 372 1901; x_wconf 86' lang='lat' dir='ltr'><em>vinciis</em></span> <span class='ocrx_word' id='word_1_229' title='bbox 398 1860 586 1908; x_wconf 75' lang='lat' dir='ltr'><em>introibit,</em></span> <span class='ocrx_word' id='word_1_230' title='bbox 613 1859 680 1899; x_wconf 88' lang='lat' dir='ltr'><em>ubi</em></span> <span class='ocrx_word' id='word_1_231' title='bbox 712 1859 885 1898; x_wconf 87' lang='lat' dir='ltr'><em>Wesenb.</em></span> <span class='ocrx_word' id='word_1_232' title='bbox 914 1857 1024 1906; x_wconf 86' lang='lat' dir='ltr'><em>falso,</em></span> <span class='ocrx_word' id='word_1_233' title='bbox 1053 1863 1097 1898; x_wconf 91' lang='lat' dir='ltr'><em>ut</em></span> <span class='ocrx_word' id='word_1_234' title='bbox 1124 1860 1271 1909; x_wconf 90' lang='lat' dir='ltr'><em>opinor,</em></span> <span class='ocrx_word' id='word_1_235' title='bbox 1299 1862 1388 1901; x_wconf 86' lang='lat' dir='ltr'><em>add.</em></span> <span class='ocrx_word' id='word_1_236' title='bbox 1418 1863 1514 1911; x_wconf 84' lang='lat' dir='ltr'><em>erit;</em></span> 
     </span>
     <span class='ocr_line' id='line_1_30' title="bbox 231 1922 1514 1973; baseline 0.002 -13"><span class='ocrx_word' id='word_1_237' title='bbox 231 1933 320 1961; x_wconf 84' lang='lat' dir='ltr'><em>nam</em></span> <span class='ocrx_word' id='word_1_238' title='bbox 349 1924 425 1961; x_wconf 87' lang='lat' dir='ltr'><em>erit</em></span> <span class='ocrx_word' id='word_1_239' title='bbox 451 1924 633 1962; x_wconf 87' lang='lat' dir='ltr'><em>omissum</em></span> <span class='ocrx_word' id='word_1_240' title='bbox 654 1927 715 1962; x_wconf 84' lang='lat' dir='ltr'><em>est</em></span> <span class='ocrx_word' id='word_1_241' title='bbox 742 1923 793 1960; x_wconf 86' lang='lat' dir='ltr'><em>ad</em></span> <span class='ocrx_word' id='word_1_242' title='bbox 813 1922 896 1960; x_wconf 86' lang='lat' dir='ltr'><em>Att.</em></span> <span class='ocrx_word' id='word_1_243' title='bbox 919 1922 1002 1969; x_wconf 90' lang='lat' dir='ltr'><em>XV,</em></span> <span class='ocrx_word' id='word_1_244' title='bbox 1029 1923 1066 1970; x_wconf 83' lang='lat'>5,</span> <span class='ocrx_word' id='word_1_245' title='bbox 1094 1923 1118 1960; x_wconf 89' lang='lat'><strong>3</strong></span> <span class='ocrx_word' id='word_1_246' title='bbox 1148 1924 1216 1971; x_wconf 80' lang='lat' dir='ltr'><em>qui</em></span> <span class='ocrx_word' id='word_1_247' title='bbox 1236 1936 1358 1973; x_wconf 91' lang='lat' dir='ltr'><em>porro</em></span> <span class='ocrx_word' id='word_1_248' title='bbox 1383 1928 1514 1964; x_wconf 89' lang='lat' dir='ltr'><em>noster</em></span> 
     </span>
     <span class='ocr_line' id='line_1_31' title="bbox 227 1985 1510 2039; baseline 0.002 -14"><span class='ocrx_word' id='word_1_249' title='bbox 227 1985 319 2034; x_wconf 89' lang='lat' dir='ltr'><em>itus,</em></span> <span class='ocrx_word' id='word_1_250' title='bbox 344 1986 506 2039; x_wconf 76' lang='lat' dir='ltr'><em>redituS,</em></span> <span class='ocrx_word' id='word_1_251' title='bbox 533 1986 658 2027; x_wconf 82' lang='lat' dir='ltr'><em>voltus</em></span> <span class='ocrx_word' id='word_1_252' title='bbox 682 1986 859 2025; x_wconf 83' lang='lat' dir='ltr'><em>incessus</em></span> <span class='ocrx_word' id='word_1_253' title='bbox 884 1985 989 2024; x_wconf 88' lang='lat' dir='ltr'><em>inter</em></span> <span class='ocrx_word' id='word_1_254' title='bbox 1014 1985 1140 2025; x_wconf 74' lang='lat' dir='ltr'><em>istos?</em></span> <span class='ocrx_word' id='word_1_255' title='bbox 1172 1990 1211 2026; x_wconf 84' lang='lat' dir='ltr'><em>et</em></span> <span class='ocrx_word' id='word_1_256' title='bbox 1238 1986 1325 2026; x_wconf 87' lang='lat' dir='ltr'><em>aliis</em></span> <span class='ocrx_word' id='word_1_257' title='bbox 1353 1986 1446 2026; x_wconf 86' lang='lat' dir='ltr'><em>locis</em></span> <span class='ocrx_word' id='word_1_258' title='bbox 1463 1986 1510 2038; x_wconf 90' lang='lat'><em>¹).</em></span> 
     </span>
     <span class='ocr_line' id='line_1_32' title="bbox 229 2041 1511 2099; baseline 0.002 -13"><span class='ocrx_word' id='word_1_259' title='bbox 229 2048 379 2088; x_wconf 87' lang='lat' dir='ltr'><em>Deinde</em></span> <span class='ocrx_word' id='word_1_260' title='bbox 406 2051 459 2088; x_wconf 85' lang='lat' dir='ltr'><em>ad</em></span> <span class='ocrx_word' id='word_1_261' title='bbox 484 2050 574 2088; x_wconf 85' lang='lat' dir='ltr'><em>fam.</em></span> <span class='ocrx_word' id='word_1_262' title='bbox 603 2049 708 2096; x_wconf 92' lang='lat' dir='ltr'>VIII,</span> <span class='ocrx_word' id='word_1_263' title='bbox 735 2049 772 2096; x_wconf 90' lang='lat'>4,</span> <span class='ocrx_word' id='word_1_264' title='bbox 799 2041 827 2087; x_wconf 78' lang='lat'><em>4&#39;</em></span> <span class='ocrx_word' id='word_1_265' title='bbox 861 2051 1019 2086; x_wconf 89' lang='lat' dir='ltr'><em>coactus</em></span> <span class='ocrx_word' id='word_1_266' title='bbox 1055 2052 1113 2087; x_wconf 90' lang='lat' dir='ltr'><em>est</em></span> <span class='ocrx_word' id='word_1_267' title='bbox 1148 2050 1274 2088; x_wconf 86' lang='lat' dir='ltr'><em>dicere</em></span> <span class='ocrx_word' id='word_1_268' title='bbox 1301 2049 1511 2099; x_wconf 85' lang='lat' dir='ltr'><em>Pompeius</em></span> 
     </span>
     <span class='ocr_line' id='line_1_33' title="bbox 227 2111 1509 2163; baseline 0.002 -14"><span class='ocrx_word' id='word_1_269' title='bbox 227 2123 267 2149; x_wconf 90' lang='lat' dir='ltr'><em>se</em></span> <span class='ocrx_word' id='word_1_270' title='bbox 295 2111 481 2163; x_wconf 73' lang='lat' dir='ltr'><em>leyionem</em></span> <span class='ocrx_word' id='word_1_271' title='bbox 508 2112 786 2159; x_wconf 88' lang='lat' dir='ltr'><em>deducturum,</em></span> <span class='ocrx_word' id='word_1_272' title='bbox 826 2111 896 2150; x_wconf 87' lang='lat' dir='ltr'><em>sed</em></span> <span class='ocrx_word' id='word_1_273' title='bbox 919 2123 1000 2149; x_wconf 88' lang='lat' dir='ltr'><em>non</em></span> <span class='ocrx_word' id='word_1_274' title='bbox 1026 2111 1159 2150; x_wconf 87' lang='lat' dir='ltr'><em>statim</em></span> <span class='ocrx_word' id='word_1_275' title='bbox 1184 2112 1254 2150; x_wconf 87' lang='lat' dir='ltr'><em>sub</em></span> <span class='ocrx_word' id='word_1_276' title='bbox 1279 2113 1509 2152; x_wconf 75' lang='lat' dir='ltr'><em>mentionem</em></span> 
     </span>
     <span class='ocr_line' id='line_1_34' title="bbox 227 2170 1507 2229; baseline 0.002 -17"><span class='ocrx_word' id='word_1_277' title='bbox 227 2177 264 2213; x_wconf 87' lang='lat' dir='ltr'><em>et</em></span> <span class='ocrx_word' id='word_1_278' title='bbox 291 2176 499 2214; x_wconf 84' lang='lat' dir='ltr'><em>convitium</em></span> <span class='ocrx_word' id='word_1_279' title='bbox 527 2175 833 2221; x_wconf 88' lang='lat' dir='ltr'><em>obtrectatorum,</em></span> <span class='ocrx_word' id='word_1_280' title='bbox 859 2175 952 2213; x_wconf 91' lang='lat' dir='ltr'><em>inde</em></span> <span class='ocrx_word' id='word_1_281' title='bbox 978 2175 1240 2224; x_wconf 80' lang='lat' dir='ltr'><em>interroyatus</em></span> <span class='ocrx_word' id='word_1_282' title='bbox 1268 2170 1367 2229; x_wconf 50' lang='lat' dir='ltr'><em>[test&#39;</em></span> <span class='ocrx_word' id='word_1_283' title='bbox 1397 2176 1507 2226; x_wconf 77' lang='lat' dir='ltr'><em>add]</em></span> 
     </span>
     <span class='ocr_line' id='line_1_35' title="bbox 226 2236 1505 2289; baseline 0.002 -13"><span class='ocrx_word' id='word_1_284' title='bbox 226 2237 273 2276; x_wconf 88' lang='lat' dir='ltr'><em>de</em></span> <span class='ocrx_word' id='word_1_285' title='bbox 312 2239 552 2278; x_wconf 87' lang='lat' dir='ltr'><em>successione</em></span> <span class='ocrx_word' id='word_1_286' title='bbox 586 2237 770 2278; x_wconf 80' lang='lat' dir='ltr'><em>Caesaris</em></span> <span class='ocrx_word' id='word_1_287' title='bbox 806 2238 966 2277; x_wconf 85' lang='lat' dir='ltr'><em>additur</em></span> <span class='ocrx_word' id='word_1_288' title='bbox 999 2240 1056 2276; x_wconf 90' lang='lat' dir='ltr'><em>est</em></span> <span class='ocrx_word' id='word_1_289' title='bbox 1094 2247 1250 2285; x_wconf 87' lang='lat' dir='ltr'><em>prorsus</em></span> <span class='ocrx_word' id='word_1_290' title='bbox 1300 2236 1505 2289; x_wconf 87' lang='lat' dir='ltr'><em>inutiliter,</em></span> 
     </span>
    </p>
   </div>
   <div class='ocr_carea' id='block_1_5' title="bbox 226 2306 475 2317">
    <p class='ocr_par' dir='ltr' id='par_1_6' title="bbox 226 2306 475 2317">
     <span class='ocr_line' id='line_1_36' title="bbox 226 2306 475 2317; baseline 0 576"><span class='ocrx_word' id='word_1_291' title='bbox 226 2306 475 2317; x_wconf 95' lang='lat' dir='ltr'><em> </em></span> 
     </span>
    </p>
   </div>
   <div class='ocr_carea' id='block_1_6' title="bbox 223 2342 1508 2486">
    <p class='ocr_par' dir='ltr' id='par_1_7' title="bbox 223 2342 1508 2486">
     <span class='ocr_line' id='line_1_37' title="bbox 312 2342 1508 2384; baseline 0 -11"><span class='ocrx_word' id='word_1_292' title='bbox 312 2343 340 2384; x_wconf 89' lang='lat'><em>1)</em></span> <span class='ocrx_word' id='word_1_293' title='bbox 363 2346 401 2373; x_wconf 86' lang='lat' dir='ltr'><em>cf.</em></span> <span class='ocrx_word' id='word_1_294' title='bbox 425 2345 493 2381; x_wconf 83' lang='lat' dir='ltr'><em>Tib,</em></span> <span class='ocrx_word' id='word_1_295' title='bbox 517 2345 540 2380; x_wconf 88' lang='lat'>1,</span> <span class='ocrx_word' id='word_1_296' title='bbox 568 2346 614 2381; x_wconf 88' lang='lat'>10,</span> <span class='ocrx_word' id='word_1_297' title='bbox 641 2346 679 2373; x_wconf 82' lang='lat'><em>25</em></span> <span class='ocrx_word' id='word_1_298' title='bbox 702 2345 742 2371; x_wconf 83' lang='lat' dir='ltr'><em>At</em></span> <span class='ocrx_word' id='word_1_299' title='bbox 764 2343 845 2371; x_wconf 78' lang='lat' dir='ltr'><em>nobis</em></span> <span class='ocrx_word' id='word_1_300' title='bbox 869 2346 984 2375; x_wconf 74' lang='lat' dir='ltr'><em>aerata,</em></span> <span class='ocrx_word' id='word_1_301' title='bbox 1006 2342 1096 2377; x_wconf 83' lang='lat' dir='ltr'><em>lares,</em></span> <span class='ocrx_word' id='word_1_302' title='bbox 1121 2342 1249 2379; x_wconf 80' lang='lat' dir='ltr'><em>depellite</em></span> <span class='ocrx_word' id='word_1_303' title='bbox 1271 2343 1330 2371; x_wconf 83' lang='lat' dir='ltr'><em>tela</em></span> <span class='ocrx_word' id='word_1_304' title='bbox 1345 2344 1508 2381; x_wconf 72' lang='lat' dir='ltr'><em>Hostiaque</em></span> 
     </span>
     <span class='ocr_line' id='line_1_38' title="bbox 223 2395 1505 2441; baseline 0.003 -18"><span class='ocrx_word' id='word_1_305' title='bbox 223 2404 237 2423; x_wconf 86' lang='lat' dir='ltr'><em>e</em></span> <span class='ocrx_word' id='word_1_306' title='bbox 254 2396 345 2441; x_wconf 69' lang='lat' dir='ltr'><em>plena</em></span> <span class='ocrx_word' id='word_1_307' title='bbox 365 2398 476 2425; x_wconf 81' lang='lat' dir='ltr'><em>rustica</em></span> <span class='ocrx_word' id='word_1_308' title='bbox 493 2406 603 2433; x_wconf 83' lang='lat' dir='ltr'><em>porcus</em></span> <span class='ocrx_word' id='word_1_309' title='bbox 623 2397 710 2431; x_wconf 80' lang='lat' dir='ltr'><em>hara,</em></span> <span class='ocrx_word' id='word_1_310' title='bbox 733 2396 812 2431; x_wconf 89' lang='lat' dir='ltr'><em>quod</em></span> <span class='ocrx_word' id='word_1_311' title='bbox 834 2398 912 2423; x_wconf 81' lang='lat' dir='ltr'><em>reete</em></span> <span class='ocrx_word' id='word_1_312' title='bbox 934 2395 1075 2422; x_wconf 78' lang='lat' dir='ltr'><em>traditum</em></span> <span class='ocrx_word' id='word_1_313' title='bbox 1098 2404 1162 2423; x_wconf 74' lang='lat' dir='ltr'><em>esse</em></span> <span class='ocrx_word' id='word_1_314' title='bbox 1185 2403 1302 2430; x_wconf 77' lang='lat' dir='ltr'><em>censen,</em></span> <span class='ocrx_word' id='word_1_315' title='bbox 1325 2397 1505 2432; x_wconf 67' lang='lat' dir='ltr'><em>praesertim</em></span> 
     </span>
     <span class='ocr_line' id='line_1_39' title="bbox 223 2447 1504 2486; baseline 0.002 -11"><span class='ocrx_word' id='word_1_316' title='bbox 223 2448 247 2475; x_wconf 82' lang='lat' dir='ltr'><em>si</em></span> <span class='ocrx_word' id='word_1_317' title='bbox 278 2451 400 2478; x_wconf 77' lang='lat' dir='ltr'><em>confero</em></span> <span class='ocrx_word' id='word_1_318' title='bbox 424 2451 513 2486; x_wconf 87' lang='lat' dir='ltr'><em>Prop.</em></span> <span class='ocrx_word' id='word_1_319' title='bbox 537 2451 590 2484; x_wconf 87' lang='lat' dir='ltr'><em>IV,</em></span> <span class='ocrx_word' id='word_1_320' title='bbox 617 2452 664 2483; x_wconf 83' lang='lat'>16,</span> <span class='ocrx_word' id='word_1_321' title='bbox 688 2451 706 2476; x_wconf 92' lang='grc'>8</span> <span class='ocrx_word' id='word_1_322' title='bbox 740 2452 771 2475; x_wconf 78' lang='lat' dir='ltr'><em>at</em></span> <span class='ocrx_word' id='word_1_323' title='bbox 793 2448 821 2475; x_wconf 81' lang='lat' dir='ltr'><em>si</em></span> <span class='ocrx_word' id='word_1_324' title='bbox 853 2447 990 2475; x_wconf 74' lang='lat' dir='ltr'><em>distulero</em></span> <span class='ocrx_word' id='word_1_325' title='bbox 1011 2447 1084 2475; x_wconf 81' lang='lat' dir='ltr'><em>haec</em></span> <span class='ocrx_word' id='word_1_326' title='bbox 1115 2452 1215 2475; x_wconf 77' lang='lat' dir='ltr'><em>nostro</em></span> <span class='ocrx_word' id='word_1_327' title='bbox 1236 2449 1380 2476; x_wconf 73' lang='lat' dir='ltr'><em>mandata</em></span> <span class='ocrx_word' id='word_1_328' title='bbox 1400 2449 1504 2478; x_wconf 74' lang='lat' dir='ltr'><em>tirnore</em></span> 
     </span>
    </p>
   </div>
   <div class='ocr_carea' id='block_1_7' title="bbox 222 2499 804 2537">
    <p class='ocr_par' dir='ltr' id='par_1_8' title="bbox 222 2499 804 2537">
     <span class='ocr_line' id='line_1_40' title="bbox 222 2499 804 2537; baseline -0.003 -8"><span class='ocrx_word' id='word_1_329' title='bbox 222 2499 372 2530; x_wconf 66' lang='lat' dir='ltr'><em>Noetu-no</em></span> <span class='ocrx_word' id='word_1_330' title='bbox 392 2502 476 2537; x_wconf 78' lang='lat' dir='ltr'><em>fletus</em></span> <span class='ocrx_word' id='word_1_331' title='bbox 498 2503 613 2529; x_wconf 73' lang='lat' dir='ltr'><em>saevior</em></span> <span class='ocrx_word' id='word_1_332' title='bbox 632 2501 711 2528; x_wconf 66' lang='lat' dir='ltr'><em>hoste</em></span> <span class='ocrx_word' id='word_1_333' title='bbox 732 2500 804 2527; x_wconf 78' lang='lat' dir='ltr'><em>mihi</em></span> 
     </span>
    </p>
   </div>
  </div>
 </body>
</html>
