1776 2893
751 192 1012 231 -69—

239 297 372 337 omissi
401 296 510 335 Adel.
532 308 567 335 v.
584 296 636 334 46
663 297 753 334 nati
776 296 854 344 filii
881 296 958 334 duo
985 296 1032 336 cf.
1054 297 1126 335 Ad.
1155 297 1231 337 867
1251 299 1372 337 Andr.
1393 310 1427 338 V.
1447 299 1522 339 891

237 360 390 400 Domus
428 371 530 398 uxor
571 358 683 397 liberi
730 358 881 396 inventi
914 358 1037 396 invito
1074 362 1194 407 patre
1229 360 1339 398 Adel.
1375 373 1411 399 v.
1447 361 1526 400 230

236 426 385 473 emptae
407 421 590 460 mulieres
612 420 828 469 complures
850 423 887 458 et
906 421 998 459 item
1016 420 1106 459 hine
1134 422 1217 460 alia
1244 435 1344 470 quae
1371 446 1419 450 -
1450 424 1525 463 792

232 487 410 536 paratae
438 483 548 522 lites:
575 482 944 530 suceurrendumst,·
973 482 1129 521 Phorm.
1160 483 1234 522 133
1263 486 1303 522 et
1321 483 1392 523 331
1424 484 1526 524 Nos-

238 552 340 586 trwm
368 546 540 583 omnium
566 545 687 583 vitam
723 545 768 582 in
796 557 871 593 quo
904 548 1064 590 nostrae
1090 558 1179 593 spes
1206 558 1372 594 opesque
1400 558 1526 585 omnes

237 606 367 648 sitae?
393 619 430 656 p.
459 606 522 645 27.

341 670 492 709 Deinde
511 680 653 719 magna
681 670 792 717 copia
811 669 1069 718 exemplorum
1090 670 1288 709 invenitur
1315 670 1352 708 in
1374 669 1526 709 Cicero-

238 733 298 772 nis
338 731 534 781 epistulis,
571 742 736 782 quorum
775 731 960 771 nonnulla
998 732 1061 771 hic
1098 732 1279 772 adscribo
1306 732 1394 772 ideo
1422 732 1526 782 quod

236 798 414 845 pugnant
452 798 586 833 contra
621 794 726 834 viros
763 794 917 842 doctos,
956 794 1023 843 qui
1064 798 1121 834 est
1145 795 1382 844 singularem
1410 806 1527 843 saepe

235 857 334 897 falso
359 857 607 896 inseruerunt
634 856 682 895 iis
700 856 806 905 locis,
835 857 976 907 quibus
995 860 1091 896 sunt
1115 857 1248 897 deesse
1267 858 1352 908 pati
1371 857 1525 897 debent.

239 922 369 969 Atque
406 920 573 968 primum
614 920 769 969 quidem
810 931 856 959 ea
894 920 1111 960 omissionis
1149 921 1343 969 exempla,
1384 921 1525 970 quibus

234 992 442 1032 pronomen
480 982 677 1021 invenitur
705 981 944 1029 subiectum,
982 982 1059 1021 iam
1089 987 1380 1032 exspectamus,
1418 982 1524 1022 velut

236 1046 288 1084 ad
316 1044 406 1083 fam.
435 1045 508 1091 III,
539 1045 600 1094 10,
640 1045 665 1083 9
704 1048 820 1094 atque
847 1045 942 1084 haec
969 1046 1203 1094 domestica;
1244 1046 1294 1084 ad
1325 1046 1405 1085 Att.
1434 1046 1523 1094 XII,

235 1108 270 1156 2,
299 1108 324 1145 2
360 1108 429 1145 sed
465 1107 560 1146 haec
600 1107 838 1154 tolerabilia,·
866 1129 929 1153 —-‚
957 1108 981 1146 9
1019 1108 1089 1146 sed
1126 1121 1251 1158 neque
1278 1109 1373 1147 haec
1401 1108 1524 1159 diyna

235 1169 470 1220 lonyiori-bus
506 1170 671 1217 litteris;
698 1191 747 1196 —
778 1169 843 1217 VI,
880 1169 915 1216 2,
952 1169 977 1207 5
1013 1174 1131 1221 yrata
1167 1171 1263 1209 haec
1302 1173 1340 1209 et
1375 1184 1523 1221 mayna

233 1232 403 1281 mihique
421 1232 597 1270 nondum
615 1232 828 1270 laboriosa:
860 1253 904 1257 -
926 1231 992 1278 XI,
1013 1232 1075 1278 20,
1094 1232 1119 1270 3
1138 1235 1232 1271 utra
1250 1245 1339 1282 eryo
1360 1232 1522 1271 castra?

232 1294 362 1334 media
389 1294 491 1334 enim
529 1294 629 1334 tollit
653 1293 873 1342 Antonius,
899 1294 972 1334 illa
997 1295 1174 1345 infirma,
1213 1295 1309 1335 haee
1335 1296 1521 1345 nefaria;

233 1380 284 1385 —
311 1357 342 1405 Ι,
376 1357 438 1404 20,
473 1357 498 1396 5
536 1358 646 1406 cupit
682 1357 947 1406 triumphare:
991 1357 1060 1396 hoc
1093 1358 1227 1397 vellem
1262 1359 1523 1405 mediocrius,·

234 1423 362 1460 cetera
389 1420 564 1471 eyreyia,·
593 1442 641 1447 —
670 1419 717 1467 X,
758 1419 818 1466 18,
853 1419 877 1457 2
913 1419 972 1458 ita
1009 1420 1141 1459 omnia
1180 1420 1300 1459 tarda
1326 1420 1456 1460 adhuc
1485 1423 1523 1460 et

230 1484 360 1532 spissa
388 1505 435 1509 —-
464 1483 530 1529 IX,
560 1483 621 1528 12,
653 1484 669 1519 1
702 1483 833 1520 omnia
861 1494 948 1520 cum
974 1482 1136 1521 honesta
1163 1486 1245 1521 tum
1272 1486 1402 1522 cauta.

335 1545 544 1584 Addantur
586 1543 762 1593 exempla
798 1544 938 1593 quibus
974 1543 1265 1583 substantivum
1306 1545 1520 1594 praebetur

230 1609 469 1656 subiectum,
505 1619 605 1656 quae
640 1619 664 1646 a
700 1606 895 1656 prioribus
935 1606 999 1645 vix
1035 1606 1207 1646 distant:
1244 1608 1294 1646 ad
1324 1609 1406 1647 Att.
1434 1608 1466 1656 I,
1497 1610 1518 1648 1

232 1672 505 1721 competitores,
535 1670 603 1720 qui
626 1669 721 1708 certi
739 1682 819 1708 esse
838 1670 1058 1716 videantur,
1091 1668 1222 1709 G'alba
1241 1673 1280 1708 et
1294 1670 1497 1709 Antonius
1504 1684 1518 1718 ;

229 1734 296 1782 IV,
335 1734 371 1781 8,
407 1734 432 1773 3
471 1732 676 1773 candidati
719 1744 848 1771 omnes
883 1732 942 1771 rei
982 1731 1147 1771 ambitus
1156 1746 1170 1780 ,·
1213 1733 1365 1772 accedit
1399 1734 1518 1772 etiam

234 1796 431 1836 Gabinius
438 1809 452 1843 ,·
487 1795 574 1842 VII,
603 1795 665 1843 21,
694 1794 719 1833 3
753 1796 838 1844 ipse
873 1807 933 1833 me
965 1793 1113 1833 Caesar
1140 1795 1194 1833 ad
1214 1807 1357 1844 pacem
1383 1796 1516 1834 horta-

230 1862 312 1907 tur,
350 1859 420 1898 sed
445 1858 687 1908 antiquiores
714 1857 888 1905 litterae,
917 1870 1035 1907 quam
1060 1871 1174 1897 ruere
1204 1859 1330 1908 coepit
1337 1872 1351 1906 ‚·
1377 1858 1425 1906 X,
1456 1859 1515 1905 10,

227 1922 253 1960 4
287 1922 333 1961 de
361 1921 682 1960 Massiliensibus
707 1923 847 1971 yratae
875 1923 966 1959 tuae
1003 1920 1098 1959 mihi
1134 1920 1310 1968 litterae‚·
1346 1920 1450 1967 XIV,
1478 1920 1515 1968 5,

230 1984 249 2021 1
280 1985 395 2035 siyna
421 1984 531 2031 bella,
561 1984 665 2033 quod
696 1982 872 2022 Calvena
897 1982 1051 2021 moleste
1075 1983 1165 2032 fert,
1192 1983 1268 2022 illa
1294 1984 1410 2034 siyna
1436 1995 1516 2022 non

228 2046 328 2086 bona
355 2059 431 2093 —,·
458 2046 542 2094 XV,
570 2046 621 2084 25
649 2046 697 2084 de
722 2057 804 2084 meo
829 2046 970 2084 itinere
996 2046 1133 2084 variae
1159 2047 1385 2084 sententiae.

334 2109 459 2159 Saepe
491 2109 608 2147 etiam
644 2108 749 2157 apud
776 2107 952 2157 perfecta
977 2107 1174 2147 omittitur
1205 2111 1315 2147 sunt:
1352 2109 1403 2146 ad
1431 2108 1514 2147 Att.

228 2172 293 2220 IV,
325 2173 385 2220 17,
413 2173 437 2211 3
474 2184 537 2209 res
574 2171 694 2217 cedit,
739 2171 895 2209 comitia
935 2170 1063 2209 dilata
1102 2183 1149 2209 ex
1185 2170 1313 2217 SCto;
1348 2170 1436 2216 XII,
1466 2170 1516 2208 14

227 2234 290 2274 De
317 2235 441 2274 Bruti
469 2234 608 2273 litteris
634 2233 777 2282 scripsi
804 2233 859 2272 ad
886 2236 945 2272 te:
976 2233 1196 2282 prudenter
1222 2233 1412 2282 scriptae,
1447 2233 1517 2272 sed

227 2297 337 2345 nihil,
365 2298 434 2336 sed
460 2295 561 2334 nihil
588 2296 692 2345 quod
716 2309 775 2335 me
794 2297 1005 2335 adiuvaret
1029 2295 1137 2342 XIII,
1164 2294 1226 2342 52,
1254 2296 1278 2333 2
1300 2298 1515 2344 praeterea

227 2359 350 2398 tribus
383 2358 567 2398 tricliniis
595 2360 747 2408 accepti
783 2355 820 2397 οἱ
849 2356 946 2409 περὶ
972 2352 1089 2395 αὐτὸν
1118 2358 1287 2407 copiose,
1327 2358 1515 2397 lautiores

227 2422 422 2473 eleyanter
463 2424 614 2471 accepti
648 2422 695 2469 V,
734 2423 772 2470 3,
811 2423 835 2460 2
874 2433 1042 2470 quarum
1073 2420 1223 2459 alterae
1261 2420 1429 2459 edictum
1466 2420 1514 2459 P.

225 2483 376 2524 Licinii
413 2484 622 2532 habebant,
661 2484 810 2523 alterae
849 2483 1064 2532 rescriptae
1102 2483 1157 2522 ad
1190 2495 1297 2522 meas
1333 2482 1515 2523 Mintur-
