1776 2893
754 218 1015 258 „21-

344 326 401 365 sic
435 325 560 365 tradit
586 325 622 363 A
650 335 737 364 cum
764 323 862 371 rell„
902 334 1026 372 neque
1061 323 1189 362 Bentl.
1225 324 1392 364 mutavit
1407 355 1417 372 ,
1455 325 1527 363 sed

240 388 441 437 Fleckeis.‚
467 386 696 437 Umpfenb.:
718 386 889 436 passu's.
934 385 988 425 Et
1013 397 1131 436 quam
1157 385 1273 426 facile
1299 386 1339 426 in
1366 386 1438 426 tali
1466 386 1524 426 in-

240 450 504 499 terrogatione
534 450 741 489 omittatur
759 448 931 496 verbum,
959 449 1191 487 documento
1218 448 1271 487 sit
1298 449 1416 487 etiam
1446 449 1524 489 Cic.

239 514 292 553 ad
319 513 402 552 Att.
429 512 477 561 X,
504 512 541 560 4,
570 513 594 551 9
636 512 749 568 tquid
778 512 858 559 isti,
884 512 1051 562 inquam
1076 524 1146 551 sex
1173 512 1233 551 tui
1257 511 1417 562 fasces?
1455 525 1526 551 cur

239 575 441 615 laureati?
476 575 513 614 si
538 575 587 614 ab
613 576 719 624 ipso,
759 588 830 614 cur
856 588 925 613 sex
935 569 970 613 θ’
1009 577 1050 613 et
1085 574 1209 613 multa
1247 574 1326 612 alia
1352 574 1528 622 exempla

238 638 316 678 alio
362 637 447 677 loco
495 636 772 678 adscribamus.
841 636 978 686 Neque
1027 648 1118 689 vero
1165 636 1231 677 hic
1278 636 1528 686 praetermit-

239 700 358 740 tenda
382 702 494 740 sunt:

342 763 458 802 Most.
486 774 522 802 v.
551 763 626 802 668
668 763 775 814 Quid
809 763 961 814 ὁράτω-,9
1003 763 1086 803 iam
1123 762 1388 803 commentus?
1440 762 1527 801 Aul.

237 837 273 864 v.
301 824 378 864 417
408 826 505 876 quid
529 826 785 866 comminatus
803 826 941 865 Mihi?
985 826 1104 865 Mero.
1134 837 1169 865 v,
1199 826 1276 865 622
1306 824 1413 875 Quin
1434 837 1529 875 per-

238 892 418 928 contatus
445 889 612 928 hominis
639 902 740 939 quae
770 889 898 939 facies
921 889 1056 939 foret?
1111 888 1200 928 Cas.
1227 901 1263 928 v.
1292 888 1371 928 680
1397 888 1530 927 Nimis

237 954 358 991 tenax
384 951 455 991 es?
483 965 514 991 ::
542 951 652 991 Nwm
677 965 737 991 me
762 955 946 1002 expertus
971 952 1158 1002 uspiam?

340 1013 378 1054 N
379 1025 453 1054 unc
471 1015 652 1055 Terentio
679 1014 878 1064 paulisper
905 1026 1063 1064 operam
1083 1014 1231 1062 demus,
1258 1026 1282 1053 a
1309 1014 1420 1053 cuius
1446 1025 1527 1053 ser-

237 1088 349 1116 mone
376 1078 622 1118 omissionem
651 1091 691 1118 es
710 1077 819 1118 verbi
847 1077 1004 1117 minime
1031 1077 1201 1117 alienam
1228 1076 1349 1117 fuisse
1376 1079 1418 1116 et
1445 1076 1526 1116 alia

235 1139 452 1180 invenimus
479 1140 656 1191 exempla
683 1143 724 1181 et

340 1202 497 1244 Phorm.
524 1217 560 1244 v.
590 1203 666 1245 798
695 1204 792 1254 quid
819 1203 891 1244 tu?
918 1204 1061 1255 ecquid
1086 1203 1270 1244 locutus?

340 1268 382 1305 et
410 1266 530 1306 Andr.
559 1277 593 1306 V.
622 1266 700 1305 202
724 1267 786 1306 ita
813 1269 948 1317 aperte
974 1279 1057 1306 rem
1084 1267 1246 1306 locutus.

237 1328 347 1376 Quae
374 1339 461 1368 cum
480 1329 538 1369 ita
565 1330 645 1370 sint
671 1330 765 1380 quid
784 1329 1004 1369 mirandum
1024 1332 1096 1379 est,
1124 1329 1158 1369 si
1185 1329 1404 1370 invenimus

338 1392 461 1431 Andr.
488 1404 524 1432 v.
545 1393 619 1432 621
648 1393 718 1432 An
743 1405 826 1432 ‘nou
843 1393 929 1432 dimi
956 1405 1037 1432 esse
1063 1393 1133 1432 hoc
1156 1391 1369 1442 futurum?
1396 1391 1525 1431 Dixti.

240 1454 346 1504 Quid
368 1455 561 1494 meritus?
594 1454 768 1503 Crucem

340 1516 407 1556 ubi
435 1530 475 1556 es
501 1518 689 1557 omittunt
716 1516 938 1567 BGDEGP,
952 1516 1164 1556 Priscian:
1209 1517 1322 1572 (quid
1346 1511 1524 1556 meritus’

233 1591 309 1629 pro
339 1579 452 1635 ‘quid
476 1574 696 1629 meruisti'‚·
724 1579 833 1620 Serv.
861 1579 900 1619 in
919 1580 1016 1619 Aen.
1043 1580 1075 1630 Ι,
1102 1579 1181 1620 519
1210 1579 1308 1631 quid
1331 1579 1528 1620 meritus?

237 1654 413 1690 crucem;
449 1642 591 1682 Donat.
620 1643 658 1682 in
687 1643 802 1693 Verg.
842 1643 937 1682 Aen.
964 1642 1032 1692 XI,
1074 1643 1148 1682 179
1179 1643 1291 1697 tquid
1315 1637 1527 1681 meritus’?

234 1704 325 1744 huic
361 1705 464 1744 dicto
500 1717 730 1755 responsum
767 1708 826 1745 est
861 1700 1061 1761 ‘crucemffi
1109 1704 1257 1745 Contra
1295 1705 1366 1745 hos
1401 1707 1526 1745 testes

234 1778 366 1807 omnes
403 1768 581 1808 scribunt
628 1768 796 1808 editores
831 1769 1014 1807 meritu’s.
1075 1767 1307 1818 Lugendum
1349 1766 1526 1817 profecto

235 1832 308 1879 est,
337 1831 443 1878 quod
462 1841 638 1870 caremus
657 1830 836 1870 Bembini
861 1830 1097 1878 testimonio,
1125 1829 1194 1868 sed
1213 1829 1317 1869 hunc
1335 1829 1525 1879 optimum

233 1892 406 1932 codicem
434 1903 711 1933 consensurum
740 1904 826 1933 esse
862 1904 950 1933 cum
987 1892 1149 1942 reliquis
1176 1892 1407 1932 concludere
1435 1904 1525 1942 pos-

233 1965 368 1994 sumus
394 1967 442 1995 ex

338 2016 457 2057 Haut.
485 2030 521 2058 v.
548 2016 625 2056 815
671 2017 813 2057 Vellem
847 2017 974 2057 hercle
1007 2017 1180 2068 factum,
1218 2017 1278 2057 ita
1303 2018 1467 2057 meritus
1494 2030 1524 2057 ::

234 2080 439 2120 Meritus?
466 2093 542 2131 quo
566 2080 709 2120 modo?

336 2142 404 2181 ubi
442 2144 475 2181 A
503 2154 590 2182 cum
624 2143 707 2183 rell.
746 2142 867 2182 habet
903 2144 1088 2191 meritus,
1126 2144 1198 2182 sed
1237 2142 1409 2182 editores
1447 2142 1524 2182 huc

234 2216 388 2255 quoque
416 2205 611 2246 advocant
647 2205 756 2245 illum
791 2204 991 2245 circulum.
1046 2206 1178 2255 Atque
1206 2206 1326 2246 etiam
1354 2205 1523 2245 alterum

233 2269 396 2308 meritus
423 2268 583 2308 verbum
612 2269 695 2308 sine
720 2280 807 2308 sum
833 2268 1004 2317 positum
1031 2268 1194 2318 indicat,
1223 2268 1257 2308 si
1284 2268 1380 2319 quid
1398 2267 1523 2316 video,

234 2330 458 2370 Terentium
497 2342 571 2370 non
608 2330 811 2380 scripsisse
845 2332 1010 2371 meritus
1047 2345 1097 2372 es.
1151 2332 1204 2371 Et
1241 2330 1404 2371 verbum
1431 2330 1522 2371 sub-

233 2393 450 2433 stantivum
469 2405 556 2435 cum
576 2393 700 2443 abest,
728 2396 897 2444 augetur
915 2394 1090 2435 brevitas
1109 2397 1149 2434 et
1178 2394 1364 2434 alacritas
1383 2392 1523 2433 dictio-

231 2458 303 2495 nis.
357 2456 493 2506 Neque
520 2457 661 2497 desunt
689 2457 768 2496 alia
793 2458 995 2506 exempla,
1022 2458 1090 2497 ubi
1116 2459 1279 2497 meritus
1304 2455 1521 2506 perfectum

233 2516 411 2569 fungitur
453 2519 537 2559 sine
573 2519 691 2560 verbo
736 2519 982 2561 substantivo
1025 2519 1183 2560 munere
1227 2518 1333 2559 modi
1368 2517 1521 2559 finitivi.
