<?xml version="1.0" encoding="UTF-8"?>
<!DOCTYPE html PUBLIC "-//W3C//DTD XHTML 1.0 Transitional//EN"
    "http://www.w3.org/TR/xhtml1/DTD/xhtml1-transitional.dtd">
<html xmlns="http://www.w3.org/1999/xhtml" xml:lang="en" lang="en">
 <head>
  <title>
</title>
<meta http-equiv="Content-Type" content="text/html;charset=utf-8" />
  <meta name='ocr-system' content='tesseract 3.04.00' />
  <meta name='ocr-capabilities' content='ocr_page ocr_carea ocr_par ocr_line ocrx_word'/>
</head>
<body>
  <div class='ocr_page' id='page_1' title='image "4737253_0053.png"; bbox 0 0 1776 2893; ppageno 0'>
   <div class='ocr_carea' id='block_1_1' title="bbox 720 192 980 231">
    <p class='ocr_par' dir='ltr' id='par_1_1' title="bbox 720 192 980 231">
     <span class='ocr_line' id='line_1_1' title="bbox 720 192 980 231; baseline 0.004 -12"><span class='ocrx_word' id='word_1_1' title='bbox 720 192 980 231; x_wconf 62' lang='lat'><strong>‚43-</strong></span> 
     </span>
    </p>
   </div>
   <div class='ocr_carea' id='block_1_2' title="bbox 200 295 1494 2547">
    <p class='ocr_par' dir='ltr' id='par_1_2' title="bbox 212 295 1489 401">
     <span class='ocr_line' id='line_1_2' title="bbox 316 295 1489 348; baseline -0.002 -10"><span class='ocrx_word' id='word_1_2' title='bbox 316 297 450 348; x_wconf 89' lang='lat' dir='ltr'>Neque</span> <span class='ocrx_word' id='word_1_3' title='bbox 483 308 575 337; x_wconf 88' lang='lat' dir='ltr'>vero</span> <span class='ocrx_word' id='word_1_4' title='bbox 610 295 767 336; x_wconf 90' lang='lat' dir='ltr'>silentio</span> <span class='ocrx_word' id='word_1_5' title='bbox 802 299 1046 345; x_wconf 82' lang='lat' dir='ltr'>praeteream</span> <span class='ocrx_word' id='word_1_6' title='bbox 1081 296 1200 335; x_wconf 91' lang='lat' dir='ltr'>alium</span> <span class='ocrx_word' id='word_1_7' title='bbox 1240 296 1365 337; x_wconf 91' lang='lat' dir='ltr'>locum</span> <span class='ocrx_word' id='word_1_8' title='bbox 1378 329 1387 346; x_wconf 95' lang='lat'>,</span> <span class='ocrx_word' id='word_1_9' title='bbox 1413 308 1489 347; x_wconf 91' lang='lat' dir='ltr'>quo</span> 
     </span>
     <span class='ocr_line' id='line_1_3' title="bbox 212 352 1036 401; baseline -0.002 -2"><span class='ocrx_word' id='word_1_10' title='bbox 212 361 383 401; x_wconf 86' lang='lat' dir='ltr'>editores</span> <span class='ocrx_word' id='word_1_11' title='bbox 408 360 508 399; x_wconf 80' lang='lat' dir='ltr'>falso</span> <span class='ocrx_word' id='word_1_12' title='bbox 534 358 760 399; x_wconf 77' lang='lat' dir='ltr'>addiderint</span> <span class='ocrx_word' id='word_1_13' title='bbox 787 352 1036 398; x_wconf 63' lang='lat' dir='ltr'>es&#39;verbum:</span> 
     </span>
    </p>

    <p class='ocr_par' dir='ltr' id='par_1_3' title="bbox 211 420 1490 537">
     <span class='ocr_line' id='line_1_4' title="bbox 311 420 1490 471; baseline 0 -8"><span class='ocrx_word' id='word_1_14' title='bbox 311 424 423 463; x_wconf 88' lang='lat' dir='ltr'>Truc.</span> <span class='ocrx_word' id='word_1_15' title='bbox 452 433 487 461; x_wconf 86' lang='lat' dir='ltr'>v.</span> <span class='ocrx_word' id='word_1_16' title='bbox 515 422 592 460; x_wconf 80' lang='lat'>929</span> <span class='ocrx_word' id='word_1_17' title='bbox 631 421 877 471; x_wconf 72' lang='lat' dir='ltr'>Quamquam</span> <span class='ocrx_word' id='word_1_18' title='bbox 913 434 953 460; x_wconf 90' lang='grc'>63</span> <span class='ocrx_word' id='word_1_19' title='bbox 989 420 1107 469; x_wconf 78' lang='lat' dir='ltr'>bella,</span> <span class='ocrx_word' id='word_1_20' title='bbox 1148 422 1249 461; x_wconf 86' lang='lat' dir='ltr'>malo</span> <span class='ocrx_word' id='word_1_21' title='bbox 1290 425 1373 471; x_wconf 76' lang='lat' dir='ltr'>tuo,</span> <span class='ocrx_word' id='word_1_22' title='bbox 1410 424 1490 463; x_wconf 74' lang='lat' dir='ltr'>nisi</span> 
     </span>
     <span class='ocr_line' id='line_1_5' title="bbox 211 484 754 537; baseline -0.007 -10"><span class='ocrx_word' id='word_1_23' title='bbox 211 500 319 527; x_wconf 84' lang='lat' dir='ltr'>nunc</span> <span class='ocrx_word' id='word_1_24' title='bbox 346 498 413 537; x_wconf 77' lang='grc'>690</span> <span class='ocrx_word' id='word_1_25' title='bbox 439 485 567 534; x_wconf 74' lang='lat' dir='ltr'>aliqui</span> <span class='ocrx_word' id='word_1_26' title='bbox 592 484 754 535; x_wconf 77' lang='lat' dir='ltr'>yaudeo.</span> 
     </span>
    </p>

    <p class='ocr_par' dir='ltr' id='par_1_4' title="bbox 205 546 1494 1098">
     <span class='ocr_line' id='line_1_6' title="bbox 311 546 1490 595; baseline 0 -8"><span class='ocrx_word' id='word_1_27' title='bbox 311 548 386 587; x_wconf 91' lang='lat' dir='ltr'>Hic</span> <span class='ocrx_word' id='word_1_28' title='bbox 414 547 579 587; x_wconf 87' lang='lat' dir='ltr'>Schoell.</span> <span class='ocrx_word' id='word_1_29' title='bbox 608 547 743 587; x_wconf 86' lang='lat' dir='ltr'>scribit</span> <span class='ocrx_word' id='word_1_30' title='bbox 771 546 989 585; x_wconf 84' lang='lat' dir='ltr'>Acidalium</span> <span class='ocrx_word' id='word_1_31' title='bbox 1027 550 1183 585; x_wconf 89' lang='lat' dir='ltr'>secutus</span> <span class='ocrx_word' id='word_1_32' title='bbox 1219 548 1321 585; x_wconf 85' lang='lat' dir='ltr'>malo</span> <span class='ocrx_word' id='word_1_33' title='bbox 1349 551 1414 586; x_wconf 89' lang='lat' dir='ltr'>tuo</span> <span class='ocrx_word' id='word_1_34' title='bbox 1440 562 1490 595; x_wconf 84' lang='lat' dir='ltr'>es,</span> 
     </span>
     <span class='ocr_line' id='line_1_7' title="bbox 206 608 1490 657; baseline -0.001 -7"><span class='ocrx_word' id='word_1_35' title='bbox 206 611 277 650; x_wconf 87' lang='lat' dir='ltr'>sed</span> <span class='ocrx_word' id='word_1_36' title='bbox 305 621 453 657; x_wconf 88' lang='lat' dir='ltr'>vereor,</span> <span class='ocrx_word' id='word_1_37' title='bbox 488 613 532 648; x_wconf 89' lang='lat' dir='ltr'>ut</span> <span class='ocrx_word' id='word_1_38' title='bbox 567 610 728 650; x_wconf 88' lang='lat' dir='ltr'>verbum</span> <span class='ocrx_word' id='word_1_39' title='bbox 764 608 986 648; x_wconf 87' lang='lat' dir='ltr'>addendum</span> <span class='ocrx_word' id='word_1_40' title='bbox 1014 609 1086 655; x_wconf 88' lang='lat' dir='ltr'>sit;</span> <span class='ocrx_word' id='word_1_41' title='bbox 1129 621 1218 648; x_wconf 86' lang='lat' dir='ltr'>nam</span> <span class='ocrx_word' id='word_1_42' title='bbox 1246 609 1293 648; x_wconf 81' lang='lat' dir='ltr'>cf.</span> <span class='ocrx_word' id='word_1_43' title='bbox 1325 610 1428 649; x_wconf 83' lang='lat' dir='ltr'>Asin.</span> <span class='ocrx_word' id='word_1_44' title='bbox 1456 623 1490 649; x_wconf 90' lang='lat' dir='ltr'>v.</span> 
     </span>
     <span class='ocr_line' id='line_1_8' title="bbox 206 672 1492 721; baseline 0 -10"><span class='ocrx_word' id='word_1_45' title='bbox 206 673 302 711; x_wconf 82' lang='lat'>471:</span> <span class='ocrx_word' id='word_1_46' title='bbox 330 673 446 711; x_wconf 84' lang='lat' dir='ltr'>Malo</span> <span class='ocrx_word' id='word_1_47' title='bbox 472 673 598 712; x_wconf 78' lang='lat' dir='ltr'>hercle</span> <span class='ocrx_word' id='word_1_48' title='bbox 623 674 705 711; x_wconf 82' lang='lat' dir='ltr'>iam</span> <span class='ocrx_word' id='word_1_49' title='bbox 730 683 871 721; x_wconf 77' lang='lat' dir='ltr'>mayno</span> <span class='ocrx_word' id='word_1_50' title='bbox 899 673 975 718; x_wconf 78' lang='lat' dir='ltr'>tuo,</span> <span class='ocrx_word' id='word_1_51' title='bbox 1003 672 1048 710; x_wconf 82' lang='lat' dir='ltr'>ni</span> <span class='ocrx_word' id='word_1_52' title='bbox 1074 672 1142 710; x_wconf 76' lang='lat' dir='ltr'>isti</span> <span class='ocrx_word' id='word_1_53' title='bbox 1167 685 1238 711; x_wconf 83' lang='lat' dir='ltr'>nec</span> <span class='ocrx_word' id='word_1_54' title='bbox 1264 675 1366 711; x_wconf 84' lang='lat' dir='ltr'>recte</span> <span class='ocrx_word' id='word_1_55' title='bbox 1393 673 1492 711; x_wconf 71' lang='lat' dir='ltr'>dicis</span> 
     </span>
     <span class='ocr_line' id='line_1_9' title="bbox 205 734 1494 784; baseline 0.001 -11"><span class='ocrx_word' id='word_1_56' title='bbox 205 738 245 773; x_wconf 89' lang='lat' dir='ltr'>et</span> <span class='ocrx_word' id='word_1_57' title='bbox 272 734 358 774; x_wconf 88' lang='lat' dir='ltr'>Cas.</span> <span class='ocrx_word' id='word_1_58' title='bbox 386 735 452 782; x_wconf 95' lang='lat' dir='ltr'>IV,</span> <span class='ocrx_word' id='word_1_59' title='bbox 481 735 518 784; x_wconf 91' lang='lat'>4,</span> <span class='ocrx_word' id='word_1_60' title='bbox 547 736 571 774; x_wconf 87' lang='lat'>6</span> <span class='ocrx_word' id='word_1_61' title='bbox 610 735 727 775; x_wconf 84' lang='lat' dir='ltr'>Malo</span> <span class='ocrx_word' id='word_1_62' title='bbox 774 746 956 773; x_wconf 76' lang='lat' dir='ltr'>maxumo</span> <span class='ocrx_word' id='word_1_63' title='bbox 999 746 1071 773; x_wconf 89' lang='lat' dir='ltr'>suo</span> <span class='ocrx_word' id='word_1_64' title='bbox 1108 734 1235 774; x_wconf 78' lang='lat' dir='ltr'>hercle</span> <span class='ocrx_word' id='word_1_65' title='bbox 1271 735 1381 782; x_wconf 73' lang='lat' dir='ltr'>ilico,</span> <span class='ocrx_word' id='word_1_66' title='bbox 1427 735 1494 774; x_wconf 78' lang='lat' dir='ltr'>ubi</span> 
     </span>
     <span class='ocr_line' id='line_1_10' title="bbox 208 797 1491 848; baseline 0 -12"><span class='ocrx_word' id='word_1_67' title='bbox 208 797 408 837; x_wconf 76' lang='lat' dir='ltr'>tantillum</span> <span class='ocrx_word' id='word_1_68' title='bbox 438 799 645 848; x_wconf 76' lang='lat' dir='ltr'>peccassit.</span> <span class='ocrx_word' id='word_1_69' title='bbox 698 798 836 846; x_wconf 88' lang='lat' dir='ltr'>Itaque</span> <span class='ocrx_word' id='word_1_70' title='bbox 872 800 916 835; x_wconf 88' lang='lat' dir='ltr'>ut</span> <span class='ocrx_word' id='word_1_71' title='bbox 957 797 1021 836; x_wconf 90' lang='lat' dir='ltr'>hic</span> <span class='ocrx_word' id='word_1_72' title='bbox 1049 797 1211 836; x_wconf 86' lang='lat' dir='ltr'>Casinae</span> <span class='ocrx_word' id='word_1_73' title='bbox 1241 809 1374 836; x_wconf 85' lang='lat' dir='ltr'>versus</span> <span class='ocrx_word' id='word_1_74' title='bbox 1412 802 1491 836; x_wconf 92' lang='lat' dir='ltr'>est:</span> 
     </span>
     <span class='ocr_line' id='line_1_11' title="bbox 209 859 1491 912; baseline 0 -14"><span class='ocrx_word' id='word_1_75' title='bbox 209 872 250 898; x_wconf 84' lang='lat' dir='ltr'>es</span> <span class='ocrx_word' id='word_1_76' title='bbox 276 860 331 899; x_wconf 76' lang='lat' dir='ltr'>ist</span> <span class='ocrx_word' id='word_1_77' title='bbox 346 861 432 899; x_wconf 80' lang='lat' dir='ltr'>sein</span> <span class='ocrx_word' id='word_1_78' title='bbox 456 864 624 912; x_wconf 76' lang='lat' dir='ltr'>yro&#39;sstes</span> <span class='ocrx_word' id='word_1_79' title='bbox 649 860 835 911; x_wconf 76' lang='lat' dir='ltr'>Unyluck,</span> <span class='ocrx_word' id='word_1_80' title='bbox 861 859 997 899; x_wconf 81' lang='lat' dir='ltr'>sobald</span> <span class='ocrx_word' id='word_1_81' title='bbox 1022 872 1074 906; x_wconf 83' lang='lat' dir='ltr'>er,</span> <span class='ocrx_word' id='word_1_82' title='bbox 1101 859 1155 898; x_wconf 89' lang='lat' dir='ltr'>sic</span> <span class='ocrx_word' id='word_1_83' title='bbox 1182 859 1248 898; x_wconf 90' lang='lat' dir='ltr'>ille</span> <span class='ocrx_word' id='word_1_84' title='bbox 1265 859 1491 898; x_wconf 88' lang='lat' dir='ltr'>Truculenti</span> 
     </span>
     <span class='ocr_line' id='line_1_12' title="bbox 205 921 1494 973; baseline 0.001 -12"><span class='ocrx_word' id='word_1_85' title='bbox 205 921 312 962; x_wconf 89' lang='lat' dir='ltr'>locus</span> <span class='ocrx_word' id='word_1_86' title='bbox 350 922 545 973; x_wconf 81' lang='lat' dir='ltr'>significat</span> <span class='ocrx_word' id='word_1_87' title='bbox 580 936 695 963; x_wconf 85' lang='lat' dir='ltr'>wenn</span> <span class='ocrx_word' id='word_1_88' title='bbox 722 924 777 963; x_wconf 85' lang='lat' dir='ltr'>du</span> <span class='ocrx_word' id='word_1_89' title='bbox 815 923 916 962; x_wconf 81' lang='lat' dir='ltr'>auch</span> <span class='ocrx_word' id='word_1_90' title='bbox 951 922 1070 962; x_wconf 70' lang='lat' dir='ltr'>scho&#39;n</span> <span class='ocrx_word' id='word_1_91' title='bbox 1108 923 1199 970; x_wconf 74' lang='lat' dir='ltr'>bist,</span> <span class='ocrx_word' id='word_1_92' title='bbox 1238 936 1278 962; x_wconf 85' lang='grc'>63</span> <span class='ocrx_word' id='word_1_93' title='bbox 1312 924 1366 962; x_wconf 75' lang='lat' dir='ltr'>ist</span> <span class='ocrx_word' id='word_1_94' title='bbox 1401 923 1494 962; x_wconf 80' lang='lat' dir='ltr'>dein</span> 
     </span>
     <span class='ocr_line' id='line_1_13' title="bbox 216 984 1492 1036; baseline -0.002 -11"><span class='ocrx_word' id='word_1_95' title='bbox 216 984 402 1036; x_wconf 76' lang='lat' dir='ltr'>Unylu‘ck,</span> <span class='ocrx_word' id='word_1_96' title='bbox 429 999 544 1026; x_wconf 87' lang='lat' dir='ltr'>wenn</span> <span class='ocrx_word' id='word_1_97' title='bbox 569 986 633 1026; x_wconf 79' lang='lat' dir='ltr'>ich</span> <span class='ocrx_word' id='word_1_98' title='bbox 659 1008 720 1025; x_wconf 92' lang='lat'>—.</span> <span class='ocrx_word' id='word_1_99' title='bbox 749 985 930 1026; x_wconf 86' lang='lat' dir='ltr'>Schoellii</span> <span class='ocrx_word' id='word_1_100' title='bbox 958 989 1089 1025; x_wconf 84' lang='lat' dir='ltr'>autem</span> <span class='ocrx_word' id='word_1_101' title='bbox 1109 986 1307 1034; x_wconf 87' lang='lat' dir='ltr'>scriptura</span> <span class='ocrx_word' id='word_1_102' title='bbox 1334 996 1492 1035; x_wconf 85' lang='lat' dir='ltr'>prorsus</span> 
     </span>
     <span class='ocr_line' id='line_1_14' title="bbox 206 1046 1490 1098; baseline 0 -11"><span class='ocrx_word' id='word_1_103' title='bbox 206 1046 345 1088; x_wconf 88' lang='lat' dir='ltr'>falsam</span> <span class='ocrx_word' id='word_1_104' title='bbox 384 1050 548 1098; x_wconf 86' lang='lat' dir='ltr'>praebet</span> <span class='ocrx_word' id='word_1_105' title='bbox 586 1050 817 1090; x_wconf 88' lang='lat' dir='ltr'>sententiam</span> <span class='ocrx_word' id='word_1_106' title='bbox 851 1054 890 1087; x_wconf 93' lang='lat' dir='ltr'>et</span> <span class='ocrx_word' id='word_1_107' title='bbox 918 1049 1075 1089; x_wconf 91' lang='lat' dir='ltr'>minime</span> <span class='ocrx_word' id='word_1_108' title='bbox 1103 1063 1143 1089; x_wconf 82' lang='grc'>63</span> <span class='ocrx_word' id='word_1_109' title='bbox 1170 1049 1389 1088; x_wconf 87' lang='lat' dir='ltr'>addendum</span> <span class='ocrx_word' id='word_1_110' title='bbox 1419 1053 1490 1088; x_wconf 89' lang='lat' dir='ltr'>est.</span> 
     </span>
    </p>

    <p class='ocr_par' dir='ltr' id='par_1_5' title="bbox 310 1110 1491 1161">
     <span class='ocr_line' id='line_1_15' title="bbox 310 1110 1491 1161; baseline 0 -11"><span class='ocrx_word' id='word_1_111' title='bbox 310 1111 490 1151; x_wconf 90' lang='lat' dir='ltr'>Nondum</span> <span class='ocrx_word' id='word_1_112' title='bbox 518 1111 814 1152; x_wconf 86' lang='lat' dir='ltr'>commemoravi</span> <span class='ocrx_word' id='word_1_113' title='bbox 831 1111 1052 1160; x_wconf 88' lang='lat' dir='ltr'>Ussingium</span> <span class='ocrx_word' id='word_1_114' title='bbox 1080 1110 1280 1161; x_wconf 82' lang='lat' dir='ltr'>scripsisse</span> <span class='ocrx_word' id='word_1_115' title='bbox 1307 1110 1491 1150; x_wconf 83' lang='lat' dir='ltr'>amicu&#39;s:</span> 
     </span>
    </p>

    <p class='ocr_par' dir='ltr' id='par_1_6' title="bbox 205 1174 1490 1286">
     <span class='ocr_line' id='line_1_16' title="bbox 312 1174 1490 1216; baseline 0 -2"><span class='ocrx_word' id='word_1_116' title='bbox 312 1174 426 1215; x_wconf 86' lang='lat' dir='ltr'>Most.</span> <span class='ocrx_word' id='word_1_117' title='bbox 453 1188 489 1215; x_wconf 93' lang='lat' dir='ltr'>v.</span> <span class='ocrx_word' id='word_1_118' title='bbox 517 1175 596 1216; x_wconf 88' lang='lat'>980</span> <span class='ocrx_word' id='word_1_119' title='bbox 631 1176 733 1216; x_wconf 80' lang='lat' dir='ltr'>Vera</span> <span class='ocrx_word' id='word_1_120' title='bbox 761 1177 900 1215; x_wconf 79' lang='lat' dir='ltr'>cantas</span> <span class='ocrx_word' id='word_1_121' title='bbox 928 1186 954 1213; x_wconf 78' lang='lat' dir='ltr'>:z</span> <span class='ocrx_word' id='word_1_122' title='bbox 992 1174 1107 1214; x_wconf 89' lang='lat' dir='ltr'>Vana</span> <span class='ocrx_word' id='word_1_123' title='bbox 1134 1175 1267 1214; x_wconf 81' lang='lat' dir='ltr'>vellem</span> <span class='ocrx_word' id='word_1_124' title='bbox 1294 1186 1321 1213; x_wconf 91' lang='lat'>::</span> <span class='ocrx_word' id='word_1_125' title='bbox 1350 1174 1490 1214; x_wconf 72' lang='lat' dir='ltr'>Patris</span> 
     </span>
     <span class='ocr_line' id='line_1_17' title="bbox 205 1238 569 1286; baseline 0.008 -11"><span class='ocrx_word' id='word_1_126' title='bbox 205 1238 355 1276; x_wconf 74' lang='lat' dir='ltr'>amicus</span> <span class='ocrx_word' id='word_1_127' title='bbox 381 1239 569 1286; x_wconf 75' lang='lat' dir='ltr'>videlicet,</span> 
     </span>
    </p>

    <p class='ocr_par' dir='ltr' id='par_1_7' title="bbox 309 1299 1202 1351">
     <span class='ocr_line' id='line_1_18' title="bbox 309 1299 1202 1351; baseline -0.001 -12"><span class='ocrx_word' id='word_1_128' title='bbox 309 1299 376 1339; x_wconf 91' lang='lat' dir='ltr'>ubi</span> <span class='ocrx_word' id='word_1_129' title='bbox 405 1301 528 1351; x_wconf 86' lang='lat' dir='ltr'>magis</span> <span class='ocrx_word' id='word_1_130' title='bbox 556 1304 614 1341; x_wconf 84' lang='lat' dir='ltr'>est</span> <span class='ocrx_word' id='word_1_131' title='bbox 638 1312 753 1350; x_wconf 88' lang='lat' dir='ltr'>quam</span> <span class='ocrx_word' id='word_1_132' title='bbox 782 1314 822 1340; x_wconf 85' lang='grc'>63</span> <span class='ocrx_word' id='word_1_133' title='bbox 848 1299 1103 1350; x_wconf 87' lang='lat' dir='ltr'>supplendum</span> <span class='ocrx_word' id='word_1_134' title='bbox 1132 1303 1202 1339; x_wconf 87' lang='lat' dir='ltr'>est.</span> 
     </span>
    </p>

    <p class='ocr_par' dir='ltr' id='par_1_8' title="bbox 200 1362 1489 2547">
     <span class='ocr_line' id='line_1_19' title="bbox 309 1362 1486 1413; baseline -0.002 -11"><span class='ocrx_word' id='word_1_135' title='bbox 309 1363 417 1402; x_wconf 87' lang='lat' dir='ltr'>Haec</span> <span class='ocrx_word' id='word_1_136' title='bbox 444 1367 535 1402; x_wconf 88' lang='lat' dir='ltr'>sunt</span> <span class='ocrx_word' id='word_1_137' title='bbox 576 1364 752 1412; x_wconf 88' lang='lat' dir='ltr'>exempla</span> <span class='ocrx_word' id='word_1_138' title='bbox 779 1362 876 1413; x_wconf 87' lang='lat' dir='ltr'>(fere</span> <span class='ocrx_word' id='word_1_139' title='bbox 903 1366 1057 1401; x_wconf 88' lang='lat' dir='ltr'>centum</span> <span class='ocrx_word' id='word_1_140' title='bbox 1085 1363 1375 1411; x_wconf 82' lang='lat' dir='ltr'>septuaginta),</span> <span class='ocrx_word' id='word_1_141' title='bbox 1419 1363 1486 1401; x_wconf 95' lang='lat' dir='ltr'>ubi</span> 
     </span>
     <span class='ocr_line' id='line_1_20' title="bbox 205 1424 1488 1476; baseline 0.001 -12"><span class='ocrx_word' id='word_1_142' title='bbox 205 1424 279 1464; x_wconf 90' lang='lat' dir='ltr'>viri</span> <span class='ocrx_word' id='word_1_143' title='bbox 315 1426 421 1476; x_wconf 87' lang='lat' dir='ltr'>docti</span> <span class='ocrx_word' id='word_1_144' title='bbox 460 1440 499 1466; x_wconf 85' lang='lat' dir='ltr'>es</span> <span class='ocrx_word' id='word_1_145' title='bbox 537 1431 625 1476; x_wconf 90' lang='lat' dir='ltr'>post</span> <span class='ocrx_word' id='word_1_146' title='bbox 664 1425 824 1466; x_wconf 89' lang='lat' dir='ltr'>verbum</span> <span class='ocrx_word' id='word_1_147' title='bbox 859 1425 898 1464; x_wconf 89' lang='lat' dir='ltr'>in</span> <span class='ocrx_word' id='word_1_148' title='bbox 936 1438 1002 1464; x_wconf 87' lang='lat' dir='ltr'>-us</span> <span class='ocrx_word' id='word_1_149' title='bbox 1041 1425 1252 1464; x_wconf 84' lang='lat' dir='ltr'>terminans</span> <span class='ocrx_word' id='word_1_150' title='bbox 1295 1425 1488 1465; x_wconf 83' lang='lat' dir='ltr'>excidisse</span> 
     </span>
     <span class='ocr_line' id='line_1_21' title="bbox 205 1487 1484 1537; baseline 0 -11"><span class='ocrx_word' id='word_1_151' title='bbox 205 1488 279 1528; x_wconf 90' lang='lat' dir='ltr'>sibi</span> <span class='ocrx_word' id='word_1_152' title='bbox 307 1494 584 1537; x_wconf 86' lang='lat' dir='ltr'>persuaserunt</span> <span class='ocrx_word' id='word_1_153' title='bbox 611 1493 728 1537; x_wconf 90' lang='lat' dir='ltr'>atque</span> <span class='ocrx_word' id='word_1_154' title='bbox 764 1493 997 1527; x_wconf 88' lang='lat' dir='ltr'>censuerunt</span> <span class='ocrx_word' id='word_1_155' title='bbox 1025 1487 1179 1526; x_wconf 81' lang='lat' dir='ltr'>restitui</span> <span class='ocrx_word' id='word_1_156' title='bbox 1207 1488 1348 1527; x_wconf 88' lang='lat' dir='ltr'>debere</span> <span class='ocrx_word' id='word_1_157' title='bbox 1376 1494 1416 1526; x_wconf 89' lang='lat' dir='ltr'>et</span> <span class='ocrx_word' id='word_1_158' title='bbox 1444 1489 1484 1526; x_wconf 92' lang='lat' dir='ltr'>id</span> 
     </span>
     <span class='ocr_line' id='line_1_22' title="bbox 204 1550 1489 1601; baseline 0 -12"><span class='ocrx_word' id='word_1_159' title='bbox 204 1550 287 1591; x_wconf 87' lang='lat' dir='ltr'>fieri</span> <span class='ocrx_word' id='word_1_160' title='bbox 314 1563 439 1601; x_wconf 82' lang='lat' dir='ltr'>posse,</span> <span class='ocrx_word' id='word_1_161' title='bbox 467 1564 511 1591; x_wconf 92' lang='lat' dir='ltr'>eo</span> <span class='ocrx_word' id='word_1_162' title='bbox 539 1552 643 1600; x_wconf 90' lang='lat' dir='ltr'>quod</span> <span class='ocrx_word' id='word_1_163' title='bbox 662 1551 899 1591; x_wconf 85' lang='lat' dir='ltr'>scriberetur</span> <span class='ocrx_word' id='word_1_164' title='bbox 927 1551 1015 1598; x_wconf 85' lang='lat' dir='ltr'>-u&#39;s,</span> <span class='ocrx_word' id='word_1_165' title='bbox 1044 1562 1132 1589; x_wconf 86' lang='lat' dir='ltr'>nam</span> <span class='ocrx_word' id='word_1_166' title='bbox 1163 1564 1211 1589; x_wconf 86' lang='lat' dir='ltr'>us</span> <span class='ocrx_word' id='word_1_167' title='bbox 1230 1554 1270 1589; x_wconf 88' lang='lat' dir='ltr'>et</span> <span class='ocrx_word' id='word_1_168' title='bbox 1297 1564 1337 1590; x_wconf 86' lang='grc'>63</span> <span class='ocrx_word' id='word_1_169' title='bbox 1365 1550 1489 1601; x_wconf 86' lang='lat' dir='ltr'>sylla-</span> 
     </span>
     <span class='ocr_line' id='line_1_23' title="bbox 204 1613 1484 1662; baseline -0.001 -9"><span class='ocrx_word' id='word_1_170' title='bbox 204 1613 274 1653; x_wconf 86' lang='lat' dir='ltr'>bas</span> <span class='ocrx_word' id='word_1_171' title='bbox 312 1614 351 1652; x_wconf 95' lang='lat' dir='ltr'>in</span> <span class='ocrx_word' id='word_1_172' title='bbox 378 1627 493 1654; x_wconf 89' lang='lat' dir='ltr'>unam</span> <span class='ocrx_word' id='word_1_173' title='bbox 522 1614 719 1653; x_wconf 87' lang='lat' dir='ltr'>coaluisse.</span> <span class='ocrx_word' id='word_1_174' title='bbox 770 1614 824 1653; x_wconf 90' lang='lat' dir='ltr'>Ut</span> <span class='ocrx_word' id='word_1_175' title='bbox 857 1614 934 1652; x_wconf 90' lang='lat' dir='ltr'>iam</span> <span class='ocrx_word' id='word_1_176' title='bbox 962 1614 1011 1652; x_wconf 88' lang='lat' dir='ltr'>de</span> <span class='ocrx_word' id='word_1_177' title='bbox 1049 1613 1121 1651; x_wconf 89' lang='lat' dir='ltr'>hac</span> <span class='ocrx_word' id='word_1_178' title='bbox 1150 1625 1191 1651; x_wconf 90' lang='lat' dir='ltr'>re</span> <span class='ocrx_word' id='word_1_179' title='bbox 1219 1614 1484 1662; x_wconf 84' lang='lat' dir='ltr'>decernamus,</span> 
     </span>
     <span class='ocr_line' id='line_1_24' title="bbox 205 1675 1487 1726; baseline -0.001 -10"><span class='ocrx_word' id='word_1_180' title='bbox 205 1676 404 1716; x_wconf 88' lang='lat' dir='ltr'>videamus</span> <span class='ocrx_word' id='word_1_181' title='bbox 433 1688 532 1716; x_wconf 89' lang='lat' dir='ltr'>nunc</span> <span class='ocrx_word' id='word_1_182' title='bbox 560 1688 606 1715; x_wconf 90' lang='lat' dir='ltr'>ea</span> <span class='ocrx_word' id='word_1_183' title='bbox 634 1675 825 1726; x_wconf 87' lang='lat' dir='ltr'>exempla,</span> <span class='ocrx_word' id='word_1_184' title='bbox 863 1675 1002 1725; x_wconf 89' lang='lat' dir='ltr'>quibus</span> <span class='ocrx_word' id='word_1_185' title='bbox 1029 1689 1069 1715; x_wconf 85' lang='lat' dir='ltr'>es</span> <span class='ocrx_word' id='word_1_186' title='bbox 1096 1675 1191 1715; x_wconf 81' lang='lat' dir='ltr'>illud</span> <span class='ocrx_word' id='word_1_187' title='bbox 1221 1676 1377 1725; x_wconf 91' lang='lat' dir='ltr'>quidem</span> <span class='ocrx_word' id='word_1_188' title='bbox 1404 1681 1487 1716; x_wconf 88' lang='lat' dir='ltr'>tra-</span> 
     </span>
     <span class='ocr_line' id='line_1_25' title="bbox 204 1739 1486 1789; baseline 0 -10"><span class='ocrx_word' id='word_1_189' title='bbox 204 1739 313 1779; x_wconf 88' lang='lat' dir='ltr'>ditur</span> <span class='ocrx_word' id='word_1_190' title='bbox 330 1744 420 1788; x_wconf 91' lang='lat' dir='ltr'>post</span> <span class='ocrx_word' id='word_1_191' title='bbox 448 1754 525 1789; x_wconf 88' lang='lat' dir='ltr'>-us‚</span> <span class='ocrx_word' id='word_1_192' title='bbox 552 1741 620 1780; x_wconf 90' lang='lat' dir='ltr'>sed</span> <span class='ocrx_word' id='word_1_193' title='bbox 640 1741 708 1788; x_wconf 83' lang='lat' dir='ltr'>ita,</span> <span class='ocrx_word' id='word_1_194' title='bbox 736 1744 781 1778; x_wconf 93' lang='lat' dir='ltr'>ut</span> <span class='ocrx_word' id='word_1_195' title='bbox 798 1751 935 1779; x_wconf 85' lang='lat' dir='ltr'>versus</span> <span class='ocrx_word' id='word_1_196' title='bbox 962 1739 1035 1778; x_wconf 90' lang='lat' dir='ltr'>bac</span> <span class='ocrx_word' id='word_1_197' title='bbox 1054 1739 1168 1788; x_wconf 85' lang='lat' dir='ltr'>plena</span> <span class='ocrx_word' id='word_1_198' title='bbox 1186 1740 1335 1788; x_wconf 87' lang='lat' dir='ltr'>syllaba</span> <span class='ocrx_word' id='word_1_199' title='bbox 1355 1751 1486 1779; x_wconf 86' lang='lat' dir='ltr'>carere</span> 
     </span>
     <span class='ocr_line' id='line_1_26' title="bbox 203 1802 1486 1853; baseline 0.001 -11"><span class='ocrx_word' id='word_1_200' title='bbox 203 1807 389 1852; x_wconf 85' lang='lat' dir='ltr'>nequeat:</span> <span class='ocrx_word' id='word_1_201' title='bbox 419 1803 517 1844; x_wconf 90' lang='lat' dir='ltr'>Sunt</span> <span class='ocrx_word' id='word_1_202' title='bbox 544 1806 673 1843; x_wconf 89' lang='lat' dir='ltr'>autem</span> <span class='ocrx_word' id='word_1_203' title='bbox 702 1803 886 1843; x_wconf 87' lang='lat' dir='ltr'>Plautina</span> <span class='ocrx_word' id='word_1_204' title='bbox 912 1802 1027 1843; x_wconf 88' lang='lat' dir='ltr'>haec:</span> <span class='ocrx_word' id='word_1_205' title='bbox 1056 1802 1167 1852; x_wconf 87' lang='lat' dir='ltr'>Capt.</span> <span class='ocrx_word' id='word_1_206' title='bbox 1196 1815 1228 1842; x_wconf 89' lang='lat' dir='ltr'>v.</span> <span class='ocrx_word' id='word_1_207' title='bbox 1256 1803 1334 1843; x_wconf 80' lang='lat'>412</span> <span class='ocrx_word' id='word_1_208' title='bbox 1364 1804 1486 1853; x_wconf 76' lang='lat' dir='ltr'>Quom</span> 
     </span>
     <span class='ocr_line' id='line_1_27' title="bbox 203 1866 1483 1917; baseline 0.001 -12"><span class='ocrx_word' id='word_1_209' title='bbox 203 1867 315 1916; x_wconf 77' lang='lat' dir='ltr'>apud</span> <span class='ocrx_word' id='word_1_210' title='bbox 340 1867 443 1907; x_wconf 79' lang='lat' dir='ltr'>hunc</span> <span class='ocrx_word' id='word_1_211' title='bbox 464 1867 663 1917; x_wconf 81' lang='lat' dir='ltr'>confessus</span> <span class='ocrx_word' id='word_1_212' title='bbox 691 1880 730 1906; x_wconf 88' lang='grc'>63</span> <span class='ocrx_word' id='word_1_213' title='bbox 749 1869 787 1905; x_wconf 86' lang='lat' dir='ltr'>et</span> <span class='ocrx_word' id='word_1_214' title='bbox 810 1879 933 1917; x_wconf 68' lang='lat' dir='ltr'>genus</span> <span class='ocrx_word' id='word_1_215' title='bbox 960 1869 998 1905; x_wconf 82' lang='lat' dir='ltr'>et</span> <span class='ocrx_word' id='word_1_216' title='bbox 1015 1866 1199 1914; x_wconf 71' lang='lat' dir='ltr'>divitias,·</span> <span class='ocrx_word' id='word_1_217' title='bbox 1226 1867 1332 1906; x_wconf 90' lang='lat' dir='ltr'>Asin.</span> <span class='ocrx_word' id='word_1_218' title='bbox 1351 1880 1387 1907; x_wconf 91' lang='lat' dir='ltr'>v.</span> <span class='ocrx_word' id='word_1_219' title='bbox 1409 1867 1483 1906; x_wconf 84' lang='lat'>703</span> 
     </span>
     <span class='ocr_line' id='line_1_28' title="bbox 202 1928 1485 1981; baseline -0.002 -12"><span class='ocrx_word' id='word_1_220' title='bbox 202 1928 305 1968; x_wconf 83' lang='lat' dir='ltr'>Asta</span> <span class='ocrx_word' id='word_1_221' title='bbox 339 1931 462 1981; x_wconf 72' lang='lat' dir='ltr'>iqitur</span> <span class='ocrx_word' id='word_1_222' title='bbox 497 1933 542 1969; x_wconf 92' lang='lat' dir='ltr'>ut</span> <span class='ocrx_word' id='word_1_223' title='bbox 579 1932 786 1969; x_wconf 83' lang='lat' dir='ltr'>consuetus</span> <span class='ocrx_word' id='word_1_224' title='bbox 823 1942 863 1968; x_wconf 85' lang='lat' dir='ltr'>es</span> <span class='ocrx_word' id='word_1_225' title='bbox 894 1942 1000 1978; x_wconf 74' lang='lat' dir='ltr'>puer</span> <span class='ocrx_word' id='word_1_226' title='bbox 1039 1930 1147 1977; x_wconf 83' lang='lat' dir='ltr'>olim,·</span> <span class='ocrx_word' id='word_1_227' title='bbox 1188 1930 1298 1969; x_wconf 86' lang='lat' dir='ltr'>Cure.</span> <span class='ocrx_word' id='word_1_228' title='bbox 1337 1941 1370 1968; x_wconf 84' lang='lat' dir='ltr'>V.</span> <span class='ocrx_word' id='word_1_229' title='bbox 1408 1929 1485 1968; x_wconf 83' lang='lat'>585</span> 
     </span>
     <span class='ocr_line' id='line_1_29' title="bbox 203 1992 1484 2048; baseline 0 -17"><span class='ocrx_word' id='word_1_230' title='bbox 203 1992 325 2032; x_wconf 79' lang='lat' dir='ltr'>Miles</span> <span class='ocrx_word' id='word_1_231' title='bbox 345 1993 486 2042; x_wconf 78' lang='lat' dir='ltr'>pulcre</span> <span class='ocrx_word' id='word_1_232' title='bbox 510 1994 754 2032; x_wconf 74' lang='lat' dir='ltr'>centuriatus</span> <span class='ocrx_word' id='word_1_233' title='bbox 780 2005 820 2032; x_wconf 87' lang='grc'>63</span> <span class='ocrx_word' id='word_1_234' title='bbox 838 1996 1031 2042; x_wconf 77' lang='lat' dir='ltr'>expuncto</span> <span class='ocrx_word' id='word_1_235' title='bbox 1056 1994 1101 2032; x_wconf 79' lang='lat' dir='ltr'>in</span> <span class='ocrx_word' id='word_1_236' title='bbox 1118 1993 1343 2043; x_wconf 75' lang='lat' dir='ltr'>manipulo;</span> <span class='ocrx_word' id='word_1_237' title='bbox 1371 1992 1484 2048; x_wconf 88' lang='lat' dir='ltr'>Epid.</span> 
     </span>
     <span class='ocr_line' id='line_1_30' title="bbox 204 2056 1484 2106; baseline -0.002 -11"><span class='ocrx_word' id='word_1_238' title='bbox 204 2067 239 2094; x_wconf 88' lang='lat' dir='ltr'>v.</span> <span class='ocrx_word' id='word_1_239' title='bbox 267 2056 318 2095; x_wconf 82' lang='lat'>82</span> <span class='ocrx_word' id='word_1_240' title='bbox 345 2056 440 2095; x_wconf 73' lang='lat' dir='ltr'>Nisi</span> <span class='ocrx_word' id='word_1_241' title='bbox 467 2057 563 2106; x_wconf 78' lang='lat' dir='ltr'>quid</span> <span class='ocrx_word' id='word_1_242' title='bbox 590 2056 659 2095; x_wconf 76' lang='lat' dir='ltr'>tibi</span> <span class='ocrx_word' id='word_1_243' title='bbox 684 2057 729 2094; x_wconf 80' lang='lat' dir='ltr'>in</span> <span class='ocrx_word' id='word_1_244' title='bbox 757 2058 830 2095; x_wconf 84' lang='lat' dir='ltr'>tete</span> <span class='ocrx_word' id='word_1_245' title='bbox 849 2056 1024 2103; x_wconf 62' lang='lat' dir='ltr'>auxili-st,</span> <span class='ocrx_word' id='word_1_246' title='bbox 1054 2057 1281 2106; x_wconf 76' lang='lat' dir='ltr'>absumptus</span> <span class='ocrx_word' id='word_1_247' title='bbox 1308 2070 1370 2104; x_wconf 85' lang='lat' dir='ltr'>es;</span> <span class='ocrx_word' id='word_1_248' title='bbox 1398 2056 1484 2094; x_wconf 93' lang='lat' dir='ltr'>Aul.</span> 
     </span>
     <span class='ocr_line' id='line_1_31' title="bbox 204 2119 1485 2169; baseline -0.001 -12"><span class='ocrx_word' id='word_1_249' title='bbox 204 2129 238 2157; x_wconf 81' lang='lat' dir='ltr'>v,</span> <span class='ocrx_word' id='word_1_250' title='bbox 269 2119 345 2158; x_wconf 85' lang='lat'>653</span> <span class='ocrx_word' id='word_1_251' title='bbox 382 2119 569 2167; x_wconf 81' lang='lat' dir='ltr'>Insanis,·</span> <span class='ocrx_word' id='word_1_252' title='bbox 600 2121 877 2169; x_wconf 78' lang='lat' dir='ltr'>perscrutatus</span> <span class='ocrx_word' id='word_1_253' title='bbox 907 2132 946 2158; x_wconf 88' lang='grc'>63</span> <span class='ocrx_word' id='word_1_254' title='bbox 976 2119 1059 2158; x_wconf 84' lang='lat' dir='ltr'>Tuo</span> <span class='ocrx_word' id='word_1_255' title='bbox 1087 2120 1283 2159; x_wconf 75' lang='lat' dir='ltr'>arbitratu</span> <span class='ocrx_word' id='word_1_256' title='bbox 1322 2119 1422 2158; x_wconf 91' lang='lat' dir='ltr'>Rud.</span> <span class='ocrx_word' id='word_1_257' title='bbox 1452 2130 1485 2156; x_wconf 93' lang='lat' dir='ltr'>v.</span> 
     </span>
     <span class='ocr_line' id='line_1_32' title="bbox 206 2182 1486 2231; baseline 0.002 -11"><span class='ocrx_word' id='word_1_258' title='bbox 206 2182 281 2220; x_wconf 78' lang='lat'>142</span> <span class='ocrx_word' id='word_1_259' title='bbox 310 2185 352 2221; x_wconf 84' lang='lat' dir='ltr'>tu</span> <span class='ocrx_word' id='word_1_260' title='bbox 388 2183 462 2222; x_wconf 74' lang='lat' dir='ltr'>huc</span> <span class='ocrx_word' id='word_1_261' title='bbox 496 2185 655 2221; x_wconf 84' lang='lat' dir='ltr'>vocatus</span> <span class='ocrx_word' id='word_1_262' title='bbox 691 2195 731 2221; x_wconf 87' lang='grc'>63</span> <span class='ocrx_word' id='word_1_263' title='bbox 758 2183 813 2222; x_wconf 80' lang='lat' dir='ltr'>ad</span> <span class='ocrx_word' id='word_1_264' title='bbox 832 2183 1076 2231; x_wconf 61' lang='lat' dir='ltr'>prandium</span> <span class='ocrx_word' id='word_1_265' title='bbox 1111 2183 1215 2222; x_wconf 89' lang='lat' dir='ltr'>Trin.</span> <span class='ocrx_word' id='word_1_266' title='bbox 1243 2196 1277 2222; x_wconf 93' lang='lat' dir='ltr'>v.</span> <span class='ocrx_word' id='word_1_267' title='bbox 1308 2183 1383 2222; x_wconf 86' lang='lat'>715</span> <span class='ocrx_word' id='word_1_268' title='bbox 1412 2182 1486 2222; x_wconf 80' lang='lat' dir='ltr'>Sin</span> 
     </span>
     <span class='ocr_line' id='line_1_33' title="bbox 202 2244 1485 2297; baseline 0.001 -14"><span class='ocrx_word' id='word_1_269' title='bbox 202 2244 318 2283; x_wconf 78' lang='lat' dir='ltr'>aliter</span> <span class='ocrx_word' id='word_1_270' title='bbox 345 2246 545 2285; x_wconf 76' lang='lat' dir='ltr'>animatus</span> <span class='ocrx_word' id='word_1_271' title='bbox 572 2258 623 2293; x_wconf 84' lang='lat' dir='ltr'>es,</span> <span class='ocrx_word' id='word_1_272' title='bbox 651 2245 743 2284; x_wconf 83' lang='lat' dir='ltr'>bene</span> <span class='ocrx_word' id='word_1_273' title='bbox 771 2246 874 2295; x_wconf 78' lang='lat' dir='ltr'>quod</span> <span class='ocrx_word' id='word_1_274' title='bbox 900 2246 1008 2297; x_wconf 77' lang='lat' dir='ltr'>ayis;</span> <span class='ocrx_word' id='word_1_275' title='bbox 1045 2245 1126 2284; x_wconf 92' lang='lat' dir='ltr'>Mil.</span> <span class='ocrx_word' id='word_1_276' title='bbox 1156 2257 1190 2284; x_wconf 88' lang='lat' dir='ltr'>v.</span> <span class='ocrx_word' id='word_1_277' title='bbox 1219 2247 1296 2287; x_wconf 82' lang='lat'>508</span> <span class='ocrx_word' id='word_1_278' title='bbox 1322 2247 1485 2285; x_wconf 80' lang='lat' dir='ltr'>insimu-</span> 
     </span>
     <span class='ocr_line' id='line_1_34' title="bbox 202 2308 1486 2359; baseline 0.001 -12"><span class='ocrx_word' id='word_1_279' title='bbox 202 2308 286 2347; x_wconf 83' lang='lat' dir='ltr'>lare</span> <span class='ocrx_word' id='word_1_280' title='bbox 313 2321 435 2348; x_wconf 82' lang='lat' dir='ltr'>ausus</span> <span class='ocrx_word' id='word_1_281' title='bbox 461 2322 525 2356; x_wconf 87' lang='grc'>63;</span> <span class='ocrx_word' id='word_1_282' title='bbox 562 2308 701 2357; x_wconf 91' lang='lat' dir='ltr'>Amph.</span> <span class='ocrx_word' id='word_1_283' title='bbox 731 2321 765 2348; x_wconf 89' lang='lat' dir='ltr'>v.</span> <span class='ocrx_word' id='word_1_284' title='bbox 794 2308 872 2347; x_wconf 84' lang='lat'>902</span> <span class='ocrx_word' id='word_1_285' title='bbox 910 2309 990 2348; x_wconf 82' lang='lat' dir='ltr'>nisi</span> <span class='ocrx_word' id='word_1_286' title='bbox 1029 2310 1147 2348; x_wconf 79' lang='lat' dir='ltr'>etiarn</span> <span class='ocrx_word' id='word_1_287' title='bbox 1183 2310 1251 2348; x_wconf 80' lang='lat' dir='ltr'>hoc</span> <span class='ocrx_word' id='word_1_288' title='bbox 1276 2310 1379 2359; x_wconf 76' lang='lat' dir='ltr'>falso</span> <span class='ocrx_word' id='word_1_289' title='bbox 1406 2309 1486 2348; x_wconf 69' lang='lat' dir='ltr'>dici</span> 
     </span>
     <span class='ocr_line' id='line_1_35' title="bbox 200 2370 1485 2419; baseline 0.002 -12"><span class='ocrx_word' id='word_1_290' title='bbox 200 2370 504 2411; x_wconf 69' lang='lat' dir='ltr'>insimulaturus</span> <span class='ocrx_word' id='word_1_291' title='bbox 530 2384 569 2410; x_wconf 89' lang='grc'>63</span> <span class='ocrx_word' id='word_1_292' title='bbox 580 2384 594 2419; x_wconf 90' lang='grc'>,·</span> <span class='ocrx_word' id='word_1_293' title='bbox 631 2371 749 2409; x_wconf 89' lang='lat' dir='ltr'>Bach.</span> <span class='ocrx_word' id='word_1_294' title='bbox 778 2383 813 2409; x_wconf 92' lang='lat' dir='ltr'>v.</span> <span class='ocrx_word' id='word_1_295' title='bbox 843 2372 891 2410; x_wconf 87' lang='grc'>73</span> <span class='ocrx_word' id='word_1_296' title='bbox 918 2371 1235 2411; x_wconf 79' lang='lat' dir='ltr'>malacissandus</span> <span class='ocrx_word' id='word_1_297' title='bbox 1271 2385 1310 2411; x_wconf 84' lang='grc'>63</span> <span class='ocrx_word' id='word_1_298' title='bbox 1320 2385 1334 2419; x_wconf 86' lang='grc'>,·</span> <span class='ocrx_word' id='word_1_299' title='bbox 1368 2371 1485 2410; x_wconf 90' lang='lat' dir='ltr'>Most.</span> 
     </span>
     <span class='ocr_line' id='line_1_36' title="bbox 206 2433 1485 2485; baseline 0.004 -14"><span class='ocrx_word' id='word_1_300' title='bbox 206 2443 240 2472; x_wconf 83' lang='lat' dir='ltr'>V.</span> <span class='ocrx_word' id='word_1_301' title='bbox 268 2433 346 2473; x_wconf 89' lang='lat'>495</span> <span class='ocrx_word' id='word_1_302' title='bbox 373 2434 580 2475; x_wconf 73' lang='lat' dir='ltr'>Interdum</span> <span class='ocrx_word' id='word_1_303' title='bbox 605 2435 736 2484; x_wconf 75' lang='lat' dir='ltr'>inepte</span> <span class='ocrx_word' id='word_1_304' title='bbox 763 2434 906 2475; x_wconf 84' lang='lat' dir='ltr'>stultus</span> <span class='ocrx_word' id='word_1_305' title='bbox 934 2448 996 2483; x_wconf 83' lang='grc'><em>63,·</em></span> <span class='ocrx_word' id='word_1_306' title='bbox 1025 2435 1137 2485; x_wconf 90' lang='lat' dir='ltr'>Epid.</span> <span class='ocrx_word' id='word_1_307' title='bbox 1157 2448 1191 2475; x_wconf 91' lang='lat' dir='ltr'>v.</span> <span class='ocrx_word' id='word_1_308' title='bbox 1214 2434 1288 2476; x_wconf 89' lang='lat'>106</span> <span class='ocrx_word' id='word_1_309' title='bbox 1317 2434 1485 2476; x_wconf 80' lang='lat' dir='ltr'>Praeter</span> 
     </span>
     <span class='ocr_line' id='line_1_37' title="bbox 202 2498 1485 2547; baseline 0.003 -12"><span class='ocrx_word' id='word_1_310' title='bbox 202 2499 368 2537; x_wconf 86' lang='lat' dir='ltr'>aetatem</span> <span class='ocrx_word' id='word_1_311' title='bbox 396 2501 433 2537; x_wconf 85' lang='lat' dir='ltr'>et</span> <span class='ocrx_word' id='word_1_312' title='bbox 457 2499 639 2538; x_wconf 80' lang='lat' dir='ltr'>virtutem</span> <span class='ocrx_word' id='word_1_313' title='bbox 663 2498 807 2539; x_wconf 84' lang='lat' dir='ltr'>stultus</span> <span class='ocrx_word' id='word_1_314' title='bbox 835 2512 875 2539; x_wconf 84' lang='lat' dir='ltr'>es</span> <span class='ocrx_word' id='word_1_315' title='bbox 883 2512 896 2547; x_wconf 90' lang='lat'><em>;</em></span> <span class='ocrx_word' id='word_1_316' title='bbox 935 2498 1077 2539; x_wconf 90' lang='lat' dir='ltr'>Pseud.</span> <span class='ocrx_word' id='word_1_317' title='bbox 1105 2511 1141 2538; x_wconf 89' lang='lat' dir='ltr'>v.</span> <span class='ocrx_word' id='word_1_318' title='bbox 1168 2499 1243 2538; x_wconf 87' lang='grc'>261</span> <span class='ocrx_word' id='word_1_319' title='bbox 1273 2499 1417 2539; x_wconf 85' lang='lat' dir='ltr'>stultus</span> <span class='ocrx_word' id='word_1_320' title='bbox 1445 2513 1485 2539; x_wconf 89' lang='grc'>63</span> 
     </span>
    </p>
   </div>
  </div>
 </body>
</html>
