1776 2893
777 160 1037 203 ..60-

585 309 732 361 prima
759 309 999 360 slngularis
1025 319 1228 361 persona.

370 393 495 441 Quam
523 392 639 433 facile
673 398 761 434 sum
787 393 907 434 verbo
934 395 1148 441 careamus,
1182 392 1216 433 si
1244 404 1311 444 eyo
1345 394 1556 442 antecedit,

264 454 341 495 iam
379 456 583 497 docuimus
619 470 656 507 p.
686 458 710 497 9
738 469 824 499 cum
862 456 951 496 aliis
988 460 1070 497 tum
1104 456 1167 496 his
1193 455 1396 506 exemplis:
1435 455 1553 497 Merc.

261 530 296 557 v,
317 519 394 559 919
421 532 488 570 eqo
507 520 666 559 stultior
689 522 759 571 qui
777 520 846 560 isti
867 520 1024 559 credam
1042 522 1083 560 et
1107 519 1209 559 Men.
1237 531 1272 559 v.
1296 519 1374 559 605
1401 518 1465 558 Ne
1487 531 1554 570 eqo

261 584 412 622 ecastor
439 582 582 622 mulier
607 583 764 631 misera,
792 583 933 632 Itaque
962 581 1121 623 minime
1143 576 1410 622 desideramus
1439 577 1550 638 ‘sum'

366 644 446 684 Mil.
477 656 511 684 V.
530 646 611 685 370
649 658 716 697 eqo
743 646 868 686 stulta
905 648 943 685 et
967 658 1079 685 mora
1104 645 1287 693 multum,
1329 645 1439 695 Quae
1467 657 1554 685 cum

260 707 329 748 hoc
356 708 501 748 insano
526 708 705 759 fabuler,
734 709 967 760 praesertim
995 720 1083 750 cum
1111 708 1352 749 inveniamus

366 770 447 811 Mil.
477 783 511 810 v.
530 771 608 811 443
637 771 762 813 Immo
783 774 933 812 ecastor
959 771 1083 811 stulta
1107 772 1283 829 multwm,
1311 783 1412 821 quae
1430 770 1554 810 vobis-

262 846 349 873 cum
373 834 532 885 fabuler

366 907 502 937 verum
531 910 565 938 ν.
585 898 666 939 370
703 899 737 938 Α
769 898 925 947 quidem
963 901 1003 937 et
1029 897 1089 937 Ba
1122 897 1312 948 praebent
1347 909 1468 945 mora,
1507 897 1552 937 R.

264 963 397 999 autem
426 971 513 1000 cum
542 960 608 1001 OD
637 961 795 1011 scripsit
821 972 961 1009 moror,
998 959 1092 1011 quia
1118 960 1155 1000 ei
1193 959 1426 1010 displicebat
1462 959 1552 1000 sub-

263 1021 408 1072 frigida
428 1024 648 1065 coniunctio
677 1024 882 1064 verborum
901 1024 1004 1063 idem
1025 1022 1340 1072 significantium,
1367 1024 1436 1064 sed
1462 1035 1552 1074 pro-

262 1088 351 1135 pter
378 1098 413 1126 v.
433 1086 511 1126 443
539 1087 780 1128 simillimum
807 1086 971 1127 multum
999 1085 1118 1127 etiam
1144 1085 1209 1127 hic
1234 1084 1289 1126 'ad
1315 1085 1439 1127 stulta
1464 1097 1552 1137 per-

260 1148 387 1188 tineat
423 1161 580 1190 necesse
616 1162 700 1190 esse
733 1151 1028 1199 retineaturque
1063 1162 1175 1189 mora
1220 1150 1396 1198 videtur;
1434 1150 1553 1189 etiam

261 1210 370 1251 aliud
399 1211 603 1253 Ritschelii
631 1213 895 1264 propositum:
934 1212 1012 1253 Pol
1036 1226 1103 1264 eqo
1133 1225 1219 1252 sum
1251 1225 1364 1252 mora
1388 1212 1554 1252 multum

261 1274 419 1314 reiciam
439 1275 575 1327 statim
596 1280 757 1326 propter
779 1276 938 1326 fabuler
956 1276 1255 1317 coniunctivum.
1304 1275 1431 1324 Supra
1450 1275 1552 1314 enim
1597 1322 1599 1325 ‚

260 1336 340 1375 iam
368 1348 487 1377 ausus
513 1349 600 1378 sum
628 1338 779 1387 afferre,
807 1338 900 1389 quia
925 1351 1011 1379 sum
1039 1341 1145 1378 recte
1169 1338 1303 1378 deesse
1325 1348 1442 1389 quam
1469 1349 1552 1378 ma-

260 1400 362 1440 xime
389 1412 621 1450 persuasum
649 1401 793 1451 habeo,
834 1401 936 1443 Men.
964 1413 999 1442 v.
1023 1401 1114 1451 433,
1150 1402 1217 1452 qui
1245 1400 1301 1441 sic
1328 1400 1503 1441 traditur
1528 1414 1552 1442 a

262 1462 394 1503 libris:

367 1528 437 1567 sed
463 1540 530 1579 eyo
565 1529 731 1569 inscitus
768 1528 865 1579 quid
892 1528 1014 1579 (quod
1040 1527 1091 1579 B)
1118 1540 1223 1568 rome
1253 1528 1450 1579 posmlem
1474 1540 1553 1569 mo-

261 1590 441 1629 derwrier

368 1653 499 1703 Atque
526 1653 573 1693 R.
601 1653 844 1694 existimavit
870 1652 936 1693 hic
962 1652 1086 1694 latere
1124 1665 1189 1693 ero
1215 1665 1274 1693 me
1310 1655 1351 1693 et
1377 1653 1553 1695 reddidit

260 1716 301 1754 id
330 1716 470 1755 versui.
525 1716 610 1763 Quo
650 1717 822 1756 remedio
859 1716 953 1767 quia
989 1727 1126 1756 versus
1165 1716 1334 1756 nondum
1375 1720 1551 1768 sanatur,

264 1777 366 1818 idem
396 1778 551 1819 addidit
578 1792 675 1828 sum,
713 1778 772 1819 Fl.
800 1782 931 1820 autem
961 1778 1130 1819 mutavit
1166 1778 1204 1819 in
1242 1779 1438 1828 inscitior,
1475 1791 1551 1831 quo

259 1842 526 1891 comparativo
546 1842 703 1883 minime
721 1854 819 1893 opus
837 1846 909 1882 est.
940 1842 991 1883 Et
1017 1843 1055 1882 ei
1073 1841 1330 1890 coniecturae,
1350 1853 1429 1892 qua
1447 1843 1551 1893 cogi-

260 1916 348 1944 mur
366 1905 485 1945 alium
515 1905 642 1945 locum
671 1905 842 1956 alioquin
868 1916 1076 1955 persanum
1096 1907 1261 1953 mutare,
1288 1907 1350 1945 est
1373 1904 1552 1946 diffiden-

261 1968 367 2017 dum,
405 1969 583 2019 quamvis
620 1968 674 2009 sit
711 1968 897 2019 speciosa.
953 1968 1064 2009 Sicut
1098 1967 1156 2007 illi
1194 1967 1267 2008 viri
1303 1967 1408 2009 docti
1446 1979 1493 2008 ex
1529 1982 1552 2009 r

258 2031 395 2071 littera
434 2036 592 2072 servata
628 2031 863 2073 concludunt
901 2032 950 2072 de
987 2044 1064 2079 ero,
1102 2032 1158 2071 sic
1199 2031 1312 2072 Both.
1351 2043 1398 2071 ex
1436 2032 1463 2071 d
1500 2031 1549 2072 de

261 2095 427 2135 domino.
483 2096 592 2144 Quae
611 2095 834 2136 coniectura
861 2099 923 2135 est
950 2094 1073 2135 multo
1092 2093 1330 2145 probabilior
1348 2094 1440 2145 quia
1462 2106 1550 2136 cum

261 2158 344 2198 loco
366 2160 582 2209 depravato
605 2158 782 2199 restituit
803 2158 918 2197 simul
941 2162 1067 2198 totum
1088 2170 1255 2198 versum.
1293 2158 1424 2207 Atque
1443 2172 1552 2198 erum

261 2223 365 2260 servi
392 2222 511 2262 etiam
532 2223 732 2262 dominum
758 2221 949 2271 appellari
970 2220 1130 2261 Vahlen.
1159 2220 1344 2272 exemplis
1371 2221 1423 2261 ad
1448 2221 1552 2263 huuc

261 2284 389 2324 locum
427 2285 577 2325 collatis
614 2285 768 2333 docuit,
806 2284 871 2335 qui
909 2284 1012 2324 idem
1050 2285 1089 2324 in
1126 2289 1274 2325 textum
1314 2285 1461 2335 recepit
1496 2284 1552 2326 sic
1582 2299 1586 2303 ·

260 2359 415 2388 versum

367 2412 437 2452 sed
455 2424 522 2463 eqo
540 2411 717 2460 inscitus,
747 2412 815 2462 qui
834 2410 989 2451 domino
1006 2424 1066 2451 me
1086 2411 1282 2462 postulem
1300 2411 1551 2451 moderarier.

367 2477 616 2526 Anapaestus
636 2476 791 2515 domino
818 2486 891 2514 non
922 2474 1078 2524 elegans
1106 2475 1171 2514 ille
1197 2474 1354 2525 quidem
1382 2477 1453 2522 est,
1481 2472 1550 2513 sed
