<?xml version="1.0" encoding="UTF-8"?>
<!DOCTYPE html PUBLIC "-//W3C//DTD XHTML 1.0 Transitional//EN"
    "http://www.w3.org/TR/xhtml1/DTD/xhtml1-transitional.dtd">
<html xmlns="http://www.w3.org/1999/xhtml" xml:lang="en" lang="en">
 <head>
  <title>
</title>
<meta http-equiv="Content-Type" content="text/html;charset=utf-8" />
  <meta name='ocr-system' content='tesseract 3.04.00' />
  <meta name='ocr-capabilities' content='ocr_page ocr_carea ocr_par ocr_line ocrx_word'/>
</head>
<body>
  <div class='ocr_page' id='page_1' title='image "4737253_0088.png"; bbox 0 0 1776 2893; ppageno 0'>
   <div class='ocr_carea' id='block_1_1' title="bbox 777 159 1040 199">
    <p class='ocr_par' dir='ltr' id='par_1_1' title="bbox 777 159 1040 199">
     <span class='ocr_line' id='line_1_1' title="bbox 777 159 1040 199; baseline 0.004 -13"><span class='ocrx_word' id='word_1_1' title='bbox 777 159 1040 199; x_wconf 78' lang='lat'><strong>-78-</strong></span> 
     </span>
    </p>
   </div>
   <div class='ocr_carea' id='block_1_2' title="bbox 243 262 1555 2374">
    <p class='ocr_par' dir='ltr' id='par_1_2' title="bbox 250 262 1555 375">
     <span class='ocr_line' id='line_1_2' title="bbox 250 262 1555 312; baseline 0.002 -11"><span class='ocrx_word' id='word_1_2' title='bbox 250 266 383 302; x_wconf 85' lang='lat' dir='ltr'>autem</span> <span class='ocrx_word' id='word_1_3' title='bbox 409 266 447 302; x_wconf 83' lang='lat' dir='ltr'>et</span> <span class='ocrx_word' id='word_1_4' title='bbox 464 262 662 312; x_wconf 83' lang='lat' dir='ltr'>particula</span> <span class='ocrx_word' id='word_1_5' title='bbox 681 263 819 303; x_wconf 84' lang='lat' dir='ltr'>modus</span> <span class='ocrx_word' id='word_1_6' title='bbox 837 262 1014 302; x_wconf 86' lang='lat' dir='ltr'>finitivus</span> <span class='ocrx_word' id='word_1_7' title='bbox 1032 262 1274 312; x_wconf 84' lang='lat' dir='ltr'>adiungitur,</span> <span class='ocrx_word' id='word_1_8' title='bbox 1301 263 1398 303; x_wconf 90' lang='lat' dir='ltr'>nihil</span> <span class='ocrx_word' id='word_1_9' title='bbox 1423 263 1555 310; x_wconf 75' lang='lat' dir='ltr'>refert,</span> 
     </span>
     <span class='ocr_line' id='line_1_3' title="bbox 253 324 1553 375; baseline 0.003 -13"><span class='ocrx_word' id='word_1_10' title='bbox 253 336 342 363; x_wconf 87' lang='lat' dir='ltr'>nam</span> <span class='ocrx_word' id='word_1_11' title='bbox 364 324 573 365; x_wconf 82' lang='lat' dir='ltr'>habuimus</span> <span class='ocrx_word' id='word_1_12' title='bbox 602 325 696 364; x_wconf 84' lang='lat' dir='ltr'>bene</span> <span class='ocrx_word' id='word_1_13' title='bbox 714 325 842 365; x_wconf 83' lang='lat' dir='ltr'>hercle</span> <span class='ocrx_word' id='word_1_14' title='bbox 858 325 1013 375; x_wconf 77' lang='lat' dir='ltr'>factum</span> <span class='ocrx_word' id='word_1_15' title='bbox 1031 328 1068 365; x_wconf 78' lang='lat' dir='ltr'>et</span> <span class='ocrx_word' id='word_1_16' title='bbox 1085 325 1203 375; x_wconf 78' lang='lat' dir='ltr'>volup</span> <span class='ocrx_word' id='word_1_17' title='bbox 1222 328 1281 365; x_wconf 82' lang='lat' dir='ltr'>est</span> <span class='ocrx_word' id='word_1_18' title='bbox 1305 329 1346 365; x_wconf 89' lang='lat' dir='ltr'>et</span> <span class='ocrx_word' id='word_1_19' title='bbox 1367 324 1414 365; x_wconf 85' lang='lat' dir='ltr'>cf.</span> <span class='ocrx_word' id='word_1_20' title='bbox 1433 338 1471 375; x_wconf 93' lang='lat' dir='ltr'>p.</span> <span class='ocrx_word' id='word_1_21' title='bbox 1492 327 1553 366; x_wconf 84' lang='lat'>62.</span> 
     </span>
    </p>

    <p class='ocr_par' dir='ltr' id='par_1_3' title="bbox 243 387 1554 1061">
     <span class='ocr_line' id='line_1_4' title="bbox 359 387 1552 437; baseline 0 -10"><span class='ocrx_word' id='word_1_22' title='bbox 359 387 414 427; x_wconf 85' lang='lat' dir='ltr'>Ut</span> <span class='ocrx_word' id='word_1_23' title='bbox 442 398 544 426; x_wconf 89' lang='lat' dir='ltr'>nune</span> <span class='ocrx_word' id='word_1_24' title='bbox 583 387 633 426; x_wconf 81' lang='lat' dir='ltr'>ad</span> <span class='ocrx_word' id='word_1_25' title='bbox 663 387 774 427; x_wconf 83' lang='lat' dir='ltr'>aliud</span> <span class='ocrx_word' id='word_1_26' title='bbox 811 399 935 437; x_wconf 86' lang='lat' dir='ltr'>genus</span> <span class='ocrx_word' id='word_1_27' title='bbox 962 388 1183 427; x_wconf 84' lang='lat' dir='ltr'>omissionis</span> <span class='ocrx_word' id='word_1_28' title='bbox 1211 391 1477 436; x_wconf 82' lang='lat' dir='ltr'>transeamus,</span> <span class='ocrx_word' id='word_1_29' title='bbox 1515 389 1552 427; x_wconf 92' lang='lat' dir='ltr'>in</span> 
     </span>
     <span class='ocr_line' id='line_1_5' title="bbox 251 450 1553 499; baseline 0.001 -12"><span class='ocrx_word' id='word_1_30' title='bbox 251 450 626 499; x_wconf 81' lang='lat' dir='ltr'>interrogationibus</span> <span class='ocrx_word' id='word_1_31' title='bbox 648 450 726 488; x_wconf 86' lang='lat' dir='ltr'>iam</span> <span class='ocrx_word' id='word_1_32' title='bbox 752 450 909 489; x_wconf 87' lang='lat' dir='ltr'>Brixius</span> <span class='ocrx_word' id='word_1_33' title='bbox 936 454 1072 490; x_wconf 85' lang='lat' dir='ltr'>eontra</span> <span class='ocrx_word' id='word_1_34' title='bbox 1093 450 1350 489; x_wconf 85' lang='lat' dir='ltr'>Ritsehelium</span> <span class='ocrx_word' id='word_1_35' title='bbox 1376 451 1553 489; x_wconf 86' lang='lat' dir='ltr'>omissio-</span> 
     </span>
     <span class='ocr_line' id='line_1_6' title="bbox 252 511 1554 562; baseline 0.002 -12"><span class='ocrx_word' id='word_1_36' title='bbox 252 523 339 551; x_wconf 87' lang='lat' dir='ltr'>nem</span> <span class='ocrx_word' id='word_1_37' title='bbox 375 512 537 552; x_wconf 82' lang='lat' dir='ltr'>admisit</span> <span class='ocrx_word' id='word_1_38' title='bbox 574 512 636 552; x_wconf 89' lang='lat' dir='ltr'>his</span> <span class='ocrx_word' id='word_1_39' title='bbox 667 511 782 551; x_wconf 88' lang='lat' dir='ltr'>locis:</span> <span class='ocrx_word' id='word_1_40' title='bbox 826 512 908 551; x_wconf 90' lang='lat' dir='ltr'>Mil.</span> <span class='ocrx_word' id='word_1_41' title='bbox 937 524 972 551; x_wconf 79' lang='lat' dir='ltr'>v,</span> <span class='ocrx_word' id='word_1_42' title='bbox 997 512 1074 552; x_wconf 83' lang='lat'>307</span> <span class='ocrx_word' id='word_1_43' title='bbox 1114 512 1212 562; x_wconf 80' lang='lat' dir='ltr'>quid</span> <span class='ocrx_word' id='word_1_44' title='bbox 1242 513 1361 562; x_wconf 79' lang='lat' dir='ltr'>peius</span> <span class='ocrx_word' id='word_1_45' title='bbox 1390 512 1554 552; x_wconf 81' lang='lat' dir='ltr'>muliere</span> 
     </span>
     <span class='ocr_line' id='line_1_7' title="bbox 252 574 1553 625; baseline 0 -12"><span class='ocrx_word' id='word_1_46' title='bbox 252 578 370 624; x_wconf 80' lang='lat' dir='ltr'>atque</span> <span class='ocrx_word' id='word_1_47' title='bbox 388 574 619 614; x_wconf 79' lang='lat' dir='ltr'>audacius?</span> <span class='ocrx_word' id='word_1_48' title='bbox 647 574 710 622; x_wconf 89' lang='lat' dir='ltr'>(R</span> <span class='ocrx_word' id='word_1_49' title='bbox 731 575 888 625; x_wconf 76' lang='lat' dir='ltr'>peiust)</span> <span class='ocrx_word' id='word_1_50' title='bbox 914 574 1057 623; x_wconf 90' lang='lat' dir='ltr'>Amph.</span> <span class='ocrx_word' id='word_1_51' title='bbox 1085 586 1120 613; x_wconf 86' lang='lat' dir='ltr'>v.</span> <span class='ocrx_word' id='word_1_52' title='bbox 1142 574 1219 613; x_wconf 87' lang='lat'>318</span> <span class='ocrx_word' id='word_1_53' title='bbox 1245 575 1343 624; x_wconf 78' lang='lat' dir='ltr'>quid</span> <span class='ocrx_word' id='word_1_54' title='bbox 1363 574 1459 614; x_wconf 84' lang='lat' dir='ltr'>illac</span> <span class='ocrx_word' id='word_1_55' title='bbox 1480 575 1553 613; x_wconf 90' lang='lat' dir='ltr'>im-</span> 
     </span>
     <span class='ocr_line' id='line_1_8' title="bbox 243 636 1553 687; baseline 0.001 -11"><span class='ocrx_word' id='word_1_56' title='bbox 243 637 422 687; x_wconf 77' lang='lat' dir='ltr'>pudente</span> <span class='ocrx_word' id='word_1_57' title='bbox 446 636 674 676; x_wconf 77' lang='lat' dir='ltr'>audacius?</span> <span class='ocrx_word' id='word_1_58' title='bbox 729 636 781 675; x_wconf 87' lang='lat' dir='ltr'>Et</span> <span class='ocrx_word' id='word_1_59' title='bbox 805 636 1004 686; x_wconf 85' lang='lat' dir='ltr'>permulta</span> <span class='ocrx_word' id='word_1_60' title='bbox 1030 636 1218 676; x_wconf 90' lang='lat' dir='ltr'>eiusmodi</span> <span class='ocrx_word' id='word_1_61' title='bbox 1243 636 1421 687; x_wconf 84' lang='lat' dir='ltr'>exempla</span> <span class='ocrx_word' id='word_1_62' title='bbox 1448 637 1553 677; x_wconf 85' lang='lat' dir='ltr'>inve-</span> 
     </span>
     <span class='ocr_line' id='line_1_9' title="bbox 255 699 1551 749; baseline 0.001 -12"><span class='ocrx_word' id='word_1_63' title='bbox 255 700 415 738; x_wconf 91' lang='lat' dir='ltr'>niuntur</span> <span class='ocrx_word' id='word_1_64' title='bbox 454 699 493 738; x_wconf 90' lang='lat' dir='ltr'>in</span> <span class='ocrx_word' id='word_1_65' title='bbox 532 699 730 739; x_wconf 83' lang='lat' dir='ltr'>Ciceronis</span> <span class='ocrx_word' id='word_1_66' title='bbox 767 700 967 748; x_wconf 82' lang='lat' dir='ltr'>epistulis:</span> <span class='ocrx_word' id='word_1_67' title='bbox 1009 700 1059 738; x_wconf 84' lang='lat' dir='ltr'>ad</span> <span class='ocrx_word' id='word_1_68' title='bbox 1089 699 1220 745; x_wconf 87' lang='lat' dir='ltr'>Quint.</span> <span class='ocrx_word' id='word_1_69' title='bbox 1248 700 1300 747; x_wconf 91' lang='lat'>11,</span> <span class='ocrx_word' id='word_1_70' title='bbox 1328 700 1364 746; x_wconf 88' lang='lat'>8,</span> <span class='ocrx_word' id='word_1_71' title='bbox 1395 700 1414 738; x_wconf 93' lang='lat'>1</span> <span class='ocrx_word' id='word_1_72' title='bbox 1454 700 1551 749; x_wconf 81' lang='lat' dir='ltr'>quid</span> 
     </span>
     <span class='ocr_line' id='line_1_10' title="bbox 250 760 1553 812; baseline 0.001 -11"><span class='ocrx_word' id='word_1_73' title='bbox 250 763 353 801; x_wconf 85' lang='lat' dir='ltr'>enim</span> <span class='ocrx_word' id='word_1_74' title='bbox 371 761 468 801; x_wconf 89' lang='lat' dir='ltr'>mihi</span> <span class='ocrx_word' id='word_1_75' title='bbox 486 761 681 801; x_wconf 79' lang='lat' dir='ltr'>suavius?</span> <span class='ocrx_word' id='word_1_76' title='bbox 708 762 761 800; x_wconf 85' lang='lat' dir='ltr'>ad</span> <span class='ocrx_word' id='word_1_77' title='bbox 784 760 874 801; x_wconf 81' lang='lat' dir='ltr'>fam.</span> <span class='ocrx_word' id='word_1_78' title='bbox 895 762 963 809; x_wconf 93' lang='lat' dir='ltr'>IX,</span> <span class='ocrx_word' id='word_1_79' title='bbox 983 761 1046 811; x_wconf 91' lang='lat'>21,</span> <span class='ocrx_word' id='word_1_80' title='bbox 1070 762 1095 801; x_wconf 86' lang='lat'><strong>3</strong></span> <span class='ocrx_word' id='word_1_81' title='bbox 1123 762 1219 812; x_wconf 78' lang='lat' dir='ltr'>quid</span> <span class='ocrx_word' id='word_1_82' title='bbox 1239 762 1300 802; x_wconf 85' lang='lat' dir='ltr'>his</span> <span class='ocrx_word' id='word_1_83' title='bbox 1316 762 1553 812; x_wconf 64' lang='lat' dir='ltr'>inprobitas?</span> 
     </span>
     <span class='ocr_line' id='line_1_11' title="bbox 251 824 1551 875; baseline 0 -12"><span class='ocrx_word' id='word_1_84' title='bbox 251 825 299 873; x_wconf 99' lang='lat' dir='ltr'>X,</span> <span class='ocrx_word' id='word_1_85' title='bbox 327 825 391 874; x_wconf 84' lang='lat'>25,</span> <span class='ocrx_word' id='word_1_86' title='bbox 420 825 465 872; x_wconf 90' lang='lat'>2;</span> <span class='ocrx_word' id='word_1_87' title='bbox 494 825 546 863; x_wconf 85' lang='lat' dir='ltr'>ad</span> <span class='ocrx_word' id='word_1_88' title='bbox 574 825 658 863; x_wconf 83' lang='lat' dir='ltr'>Att.</span> <span class='ocrx_word' id='word_1_89' title='bbox 682 824 766 872; x_wconf 87' lang='lat' dir='ltr'>XV,</span> <span class='ocrx_word' id='word_1_90' title='bbox 794 825 858 873; x_wconf 84' lang='lat'>29,</span> <span class='ocrx_word' id='word_1_91' title='bbox 891 827 905 863; x_wconf 93' lang='lat'>1</span> <span class='ocrx_word' id='word_1_92' title='bbox 940 825 1037 875; x_wconf 81' lang='lat' dir='ltr'>quid</span> <span class='ocrx_word' id='word_1_93' title='bbox 1058 826 1162 864; x_wconf 83' lang='lat' dir='ltr'>ewim</span> <span class='ocrx_word' id='word_1_94' title='bbox 1179 824 1275 864; x_wconf 87' lang='lat' dir='ltr'>mihi</span> <span class='ocrx_word' id='word_1_95' title='bbox 1295 825 1390 864; x_wconf 85' lang='lat' dir='ltr'>meis</span> <span class='ocrx_word' id='word_1_96' title='bbox 1409 826 1551 865; x_wconf 84' lang='lat' dir='ltr'>iucun-</span> 
     </span>
     <span class='ocr_line' id='line_1_12' title="bbox 251 887 1551 937; baseline 0 -11"><span class='ocrx_word' id='word_1_97' title='bbox 251 888 373 926; x_wconf 72' lang='lat' dir='ltr'>dius?</span> <span class='ocrx_word' id='word_1_98' title='bbox 401 888 451 926; x_wconf 80' lang='lat' dir='ltr'>ad</span> <span class='ocrx_word' id='word_1_99' title='bbox 481 887 565 925; x_wconf 83' lang='lat' dir='ltr'>Att.</span> <span class='ocrx_word' id='word_1_100' title='bbox 595 887 701 934; x_wconf 91' lang='lat' dir='ltr'>VIII,</span> <span class='ocrx_word' id='word_1_101' title='bbox 730 888 766 935; x_wconf 93' lang='lat'>2,</span> <span class='ocrx_word' id='word_1_102' title='bbox 794 887 819 925; x_wconf 82' lang='lat'><strong>3</strong></span> <span class='ocrx_word' id='word_1_103' title='bbox 848 887 918 925; x_wconf 81' lang='lat' dir='ltr'>hoc</span> <span class='ocrx_word' id='word_1_104' title='bbox 944 887 1138 934; x_wconf 81' lang='lat' dir='ltr'>miserius,</span> <span class='ocrx_word' id='word_1_105' title='bbox 1166 887 1236 926; x_wconf 84' lang='lat' dir='ltr'>hoc</span> <span class='ocrx_word' id='word_1_106' title='bbox 1265 888 1422 937; x_wconf 67' lang='lat' dir='ltr'>mrpius</span> <span class='ocrx_word' id='word_1_107' title='bbox 1443 888 1551 937; x_wconf 80' lang='lat' dir='ltr'>quic-</span> 
     </span>
     <span class='ocr_line' id='line_1_13' title="bbox 251 948 1554 999; baseline 0.001 -11"><span class='ocrx_word' id='word_1_108' title='bbox 251 950 401 999; x_wconf 75' lang='lat' dir='ltr'>quam?</span> <span class='ocrx_word' id='word_1_109' title='bbox 455 950 523 996; x_wconf 93' lang='lat' dir='ltr'>IX,</span> <span class='ocrx_word' id='word_1_110' title='bbox 555 949 616 996; x_wconf 87' lang='lat'>14,</span> <span class='ocrx_word' id='word_1_111' title='bbox 644 949 689 996; x_wconf 81' lang='lat'>23</span> <span class='ocrx_word' id='word_1_112' title='bbox 719 949 823 996; x_wconf 93' lang='lat' dir='ltr'>XVI,</span> <span class='ocrx_word' id='word_1_113' title='bbox 850 951 884 996; x_wconf 89' lang='lat'>1,</span> <span class='ocrx_word' id='word_1_114' title='bbox 908 951 949 996; x_wconf 80' lang='lat'>13</span> <span class='ocrx_word' id='word_1_115' title='bbox 978 949 1045 996; x_wconf 89' lang='lat' dir='ltr'>IV,</span> <span class='ocrx_word' id='word_1_116' title='bbox 1070 948 1106 996; x_wconf 87' lang='lat'>6,</span> <span class='ocrx_word' id='word_1_117' title='bbox 1134 952 1169 997; x_wconf 88' lang='lat'>1;</span> <span class='ocrx_word' id='word_1_118' title='bbox 1199 949 1284 996; x_wconf 89' lang='lat' dir='ltr'>XII,</span> <span class='ocrx_word' id='word_1_119' title='bbox 1313 949 1375 997; x_wconf 89' lang='lat'>30,</span> <span class='ocrx_word' id='word_1_120' title='bbox 1407 951 1425 989; x_wconf 95' lang='lat'>1</span> <span class='ocrx_word' id='word_1_121' title='bbox 1457 950 1554 999; x_wconf 81' lang='lat' dir='ltr'>quid</span> 
     </span>
     <span class='ocr_line' id='line_1_14' title="bbox 249 1011 1396 1061; baseline 0 -11"><span class='ocrx_word' id='word_1_122' title='bbox 249 1012 346 1051; x_wconf 84' lang='lat' dir='ltr'>mihi</span> <span class='ocrx_word' id='word_1_123' title='bbox 372 1012 590 1050; x_wconf 84' lang='lat' dir='ltr'>iucundius</span> <span class='ocrx_word' id='word_1_124' title='bbox 619 1024 749 1061; x_wconf 79' lang='lat' dir='ltr'>quam,</span> <span class='ocrx_word' id='word_1_125' title='bbox 770 1024 866 1050; x_wconf 83' lang='lat' dir='ltr'>-cum</span> <span class='ocrx_word' id='word_1_126' title='bbox 895 1014 968 1050; x_wconf 75' lang='lat' dir='ltr'>aut</span> <span class='ocrx_word' id='word_1_127' title='bbox 992 1011 1162 1050; x_wconf 82' lang='lat' dir='ltr'>scribere</span> <span class='ocrx_word' id='word_1_128' title='bbox 1189 1011 1245 1050; x_wconf 83' lang='lat' dir='ltr'>ad</span> <span class='ocrx_word' id='word_1_129' title='bbox 1272 1014 1308 1050; x_wconf 80' lang='lat' dir='ltr'>te</span> <span class='ocrx_word' id='word_1_130' title='bbox 1333 1034 1396 1050; x_wconf 91' lang='lat'>—.</span> 
     </span>
    </p>

    <p class='ocr_par' dir='ltr' id='par_1_4' title="bbox 247 1073 1551 1436">
     <span class='ocr_line' id='line_1_15' title="bbox 357 1073 1549 1123; baseline 0 -10"><span class='ocrx_word' id='word_1_131' title='bbox 357 1074 502 1114; x_wconf 89' lang='lat' dir='ltr'>Eodem</span> <span class='ocrx_word' id='word_1_132' title='bbox 529 1074 684 1113; x_wconf 80' lang='lat' dir='ltr'>rettulit</span> <span class='ocrx_word' id='word_1_133' title='bbox 706 1074 863 1114; x_wconf 86' lang='lat' dir='ltr'>Brixius</span> <span class='ocrx_word' id='word_1_134' title='bbox 884 1073 971 1113; x_wconf 86' lang='lat' dir='ltr'>illos</span> <span class='ocrx_word' id='word_1_135' title='bbox 995 1085 1143 1123; x_wconf 88' lang='lat' dir='ltr'>versus,</span> <span class='ocrx_word' id='word_1_136' title='bbox 1171 1073 1314 1123; x_wconf 89' lang='lat' dir='ltr'>quibus</span> <span class='ocrx_word' id='word_1_137' title='bbox 1339 1074 1441 1114; x_wconf 88' lang='lat' dir='ltr'>nihil</span> <span class='ocrx_word' id='word_1_138' title='bbox 1461 1086 1549 1113; x_wconf 89' lang='lat' dir='ltr'>cum</span> 
     </span>
     <span class='ocr_line' id='line_1_16' title="bbox 248 1136 1550 1186; baseline 0 -10"><span class='ocrx_word' id='word_1_139' title='bbox 248 1137 517 1186; x_wconf 82' lang='lat' dir='ltr'>comparativo</span> <span class='ocrx_word' id='word_1_140' title='bbox 554 1137 820 1185; x_wconf 83' lang='lat' dir='ltr'>coniungitur:</span> <span class='ocrx_word' id='word_1_141' title='bbox 863 1137 979 1175; x_wconf 81' lang='lat' dir='ltr'>Most.</span> <span class='ocrx_word' id='word_1_142' title='bbox 1014 1147 1048 1175; x_wconf 84' lang='lat' dir='ltr'>V.</span> <span class='ocrx_word' id='word_1_143' title='bbox 1079 1136 1156 1175; x_wconf 84' lang='lat'>279</span> <span class='ocrx_word' id='word_1_144' title='bbox 1192 1136 1293 1175; x_wconf 88' lang='lat' dir='ltr'>nihil</span> <span class='ocrx_word' id='word_1_145' title='bbox 1324 1136 1399 1176; x_wconf 74' lang='lat' dir='ltr'>hac</span> <span class='ocrx_word' id='word_1_146' title='bbox 1435 1137 1550 1176; x_wconf 77' lang='lat' dir='ltr'><strong><em>docta</em></strong></span> 
     </span>
     <span class='ocr_line' id='line_1_17' title="bbox 247 1199 1551 1249; baseline -0.001 -10"><span class='ocrx_word' id='word_1_147' title='bbox 247 1201 399 1239; x_wconf 78' lang='lat' dir='ltr'>doctius</span> <span class='ocrx_word' id='word_1_148' title='bbox 428 1199 491 1248; x_wconf 92' lang='lat' dir='ltr'>(R</span> <span class='ocrx_word' id='word_1_149' title='bbox 519 1200 713 1247; x_wconf 76' lang='lat' dir='ltr'>doctiust)</span> <span class='ocrx_word' id='word_1_150' title='bbox 754 1200 857 1238; x_wconf 91' lang='lat' dir='ltr'>Men.</span> <span class='ocrx_word' id='word_1_151' title='bbox 886 1210 920 1237; x_wconf 81' lang='lat' dir='ltr'>v,</span> <span class='ocrx_word' id='word_1_152' title='bbox 943 1199 1020 1238; x_wconf 89' lang='lat'>206</span> <span class='ocrx_word' id='word_1_153' title='bbox 1051 1199 1153 1238; x_wconf 83' lang='lat' dir='ltr'>nihil</span> <span class='ocrx_word' id='word_1_154' title='bbox 1179 1199 1248 1238; x_wconf 86' lang='lat' dir='ltr'>hoc</span> <span class='ocrx_word' id='word_1_155' title='bbox 1277 1199 1551 1249; x_wconf 73' lang='lat' dir='ltr'>confidentius,</span> 
     </span>
     <span class='ocr_line' id='line_1_18' title="bbox 249 1258 1550 1313; baseline 0 -12"><span class='ocrx_word' id='word_1_156' title='bbox 249 1263 318 1312; x_wconf 78' lang='lat' dir='ltr'>qui</span> <span class='ocrx_word' id='word_1_157' title='bbox 336 1275 438 1312; x_wconf 77' lang='lat' dir='ltr'>quae</span> <span class='ocrx_word' id='word_1_158' title='bbox 459 1263 566 1302; x_wconf 80' lang='lat' dir='ltr'>videt</span> <span class='ocrx_word' id='word_1_159' title='bbox 587 1276 634 1302; x_wconf 88' lang='lat' dir='ltr'>ea</span> <span class='ocrx_word' id='word_1_160' title='bbox 656 1265 853 1313; x_wconf 69' lang='lat' dir='ltr'>pei-nequi</span> <span class='ocrx_word' id='word_1_161' title='bbox 889 1262 992 1301; x_wconf 92' lang='lat' dir='ltr'>Men.</span> <span class='ocrx_word' id='word_1_162' title='bbox 1022 1274 1057 1301; x_wconf 91' lang='lat' dir='ltr'>v.</span> <span class='ocrx_word' id='word_1_163' title='bbox 1080 1261 1157 1301; x_wconf 85' lang='lat'>622</span> <span class='ocrx_word' id='word_1_164' title='bbox 1180 1262 1283 1302; x_wconf 88' lang='lat' dir='ltr'>nihil</span> <span class='ocrx_word' id='word_1_165' title='bbox 1307 1262 1377 1301; x_wconf 83' lang='lat' dir='ltr'>hoc</span> <span class='ocrx_word' id='word_1_166' title='bbox 1398 1258 1550 1301; x_wconf 68' lang='lat' dir='ltr'>homine</span> 
     </span>
     <span class='ocr_line' id='line_1_19' title="bbox 248 1324 1549 1379; baseline -0.001 -14"><span class='ocrx_word' id='word_1_167' title='bbox 248 1326 456 1365; x_wconf 81' lang='lat' dir='ltr'>audacius.</span> <span class='ocrx_word' id='word_1_168' title='bbox 513 1326 564 1364; x_wconf 87' lang='lat' dir='ltr'>Et</span> <span class='ocrx_word' id='word_1_169' title='bbox 591 1325 774 1374; x_wconf 85' lang='lat' dir='ltr'>quoniam</span> <span class='ocrx_word' id='word_1_170' title='bbox 804 1324 1003 1364; x_wconf 86' lang='lat' dir='ltr'>invenitur</span> <span class='ocrx_word' id='word_1_171' title='bbox 1031 1326 1151 1364; x_wconf 85' lang='lat' dir='ltr'>Andr.</span> <span class='ocrx_word' id='word_1_172' title='bbox 1182 1337 1215 1364; x_wconf 80' lang='grc' dir='ltr'>ν.</span> <span class='ocrx_word' id='word_1_173' title='bbox 1234 1325 1312 1366; x_wconf 88' lang='grc'>437</span> <span class='ocrx_word' id='word_1_174' title='bbox 1344 1325 1421 1379; x_wconf 77' lang='lat' dir='ltr'>tnil</span> <span class='ocrx_word' id='word_1_175' title='bbox 1445 1325 1549 1375; x_wconf 79' lang='lat' dir='ltr'>faci-</span> 
     </span>
     <span class='ocr_line' id='line_1_20' title="bbox 252 1384 1269 1436; baseline -0.002 -8"><span class='ocrx_word' id='word_1_176' title='bbox 252 1384 359 1436; x_wconf 86' lang='lat' dir='ltr'>lius’‚</span> <span class='ocrx_word' id='word_1_177' title='bbox 388 1400 474 1428; x_wconf 88' lang='lat' dir='ltr'>cum</span> <span class='ocrx_word' id='word_1_178' title='bbox 503 1388 693 1427; x_wconf 89' lang='lat' dir='ltr'>Bembino</span> <span class='ocrx_word' id='word_1_179' title='bbox 721 1387 966 1427; x_wconf 86' lang='lat' dir='ltr'>scribendum</span> <span class='ocrx_word' id='word_1_180' title='bbox 996 1398 1082 1427; x_wconf 85' lang='lat' dir='ltr'>esse</span> <span class='ocrx_word' id='word_1_181' title='bbox 1111 1399 1269 1427; x_wconf 86' lang='lat' dir='ltr'>censeo:</span> 
     </span>
    </p>

    <p class='ocr_par' dir='ltr' id='par_1_5' title="bbox 249 1450 1551 1750">
     <span class='ocr_line' id='line_1_21' title="bbox 357 1450 1550 1506; baseline -0.002 -16"><span class='ocrx_word' id='word_1_182' title='bbox 357 1451 467 1491; x_wconf 88' lang='lat' dir='ltr'>Adel.</span> <span class='ocrx_word' id='word_1_183' title='bbox 489 1462 523 1489; x_wconf 79' lang='lat' dir='ltr'>v,</span> <span class='ocrx_word' id='word_1_184' title='bbox 546 1451 596 1490; x_wconf 82' lang='lat'>98</span> <span class='ocrx_word' id='word_1_185' title='bbox 623 1450 808 1506; x_wconf 48' lang='lat' dir='ltr'>(Homine</span> <span class='ocrx_word' id='word_1_186' title='bbox 826 1451 1008 1501; x_wconf 77' lang='lat' dir='ltr'>imperito</span> <span class='ocrx_word' id='word_1_187' title='bbox 1029 1463 1235 1500; x_wconf 77' lang='lat' dir='ltr'>nunquam</span> <span class='ocrx_word' id='word_1_188' title='bbox 1254 1450 1466 1500; x_wconf 79' lang='lat' dir='ltr'>quicquam</span> <span class='ocrx_word' id='word_1_189' title='bbox 1487 1450 1550 1488; x_wconf 89' lang='lat' dir='ltr'>in-</span> 
     </span>
     <span class='ocr_line' id='line_1_22' title="bbox 250 1507 1549 1563; baseline -0.001 -11"><span class='ocrx_word' id='word_1_190' title='bbox 250 1515 407 1561; x_wconf 80' lang='lat' dir='ltr'>iustius,</span> <span class='ocrx_word' id='word_1_191' title='bbox 450 1514 528 1563; x_wconf 76' lang='lat' dir='ltr'>Qui</span> <span class='ocrx_word' id='word_1_192' title='bbox 554 1514 645 1560; x_wconf 87' lang='lat' dir='ltr'>nisi,</span> <span class='ocrx_word' id='word_1_193' title='bbox 675 1514 779 1563; x_wconf 78' lang='lat' dir='ltr'>quod</span> <span class='ocrx_word' id='word_1_194' title='bbox 805 1515 889 1562; x_wconf 76' lang='lat' dir='ltr'>ipse</span> <span class='ocrx_word' id='word_1_195' title='bbox 915 1514 1022 1562; x_wconf 79' lang='lat' dir='ltr'>fecit,</span> <span class='ocrx_word' id='word_1_196' title='bbox 1049 1514 1151 1552; x_wconf 88' lang='lat' dir='ltr'>nihil</span> <span class='ocrx_word' id='word_1_197' title='bbox 1169 1516 1319 1552; x_wconf 79' lang='lat' dir='ltr'>rectwm</span> <span class='ocrx_word' id='word_1_198' title='bbox 1339 1507 1475 1562; x_wconf 80' lang='lat' dir='ltr'>putat‘</span> <span class='ocrx_word' id='word_1_199' title='bbox 1499 1534 1549 1538; x_wconf 98' lang='lat'><strong>—</strong></span> 
     </span>
     <span class='ocr_line' id='line_1_23' title="bbox 250 1574 1550 1623; baseline -0.002 -8"><span class='ocrx_word' id='word_1_200' title='bbox 250 1577 410 1615; x_wconf 91' lang='lat' dir='ltr'>minime</span> <span class='ocrx_word' id='word_1_201' title='bbox 429 1587 521 1615; x_wconf 91' lang='lat' dir='ltr'>vero</span> <span class='ocrx_word' id='word_1_202' title='bbox 544 1587 632 1615; x_wconf 89' lang='lat' dir='ltr'>eum</span> <span class='ocrx_word' id='word_1_203' title='bbox 652 1576 794 1614; x_wconf 82' lang='lat' dir='ltr'>ceteris</span> <span class='ocrx_word' id='word_1_204' title='bbox 812 1576 1021 1614; x_wconf 77' lang='lat' dir='ltr'>iniustiust</span> <span class='ocrx_word' id='word_1_205' title='bbox 1043 1576 1148 1623; x_wconf 87' lang='lat' dir='ltr'>quod</span> <span class='ocrx_word' id='word_1_206' title='bbox 1170 1578 1401 1623; x_wconf 87' lang='lat' dir='ltr'>receperunt</span> <span class='ocrx_word' id='word_1_207' title='bbox 1419 1574 1550 1613; x_wconf 82' lang='lat' dir='ltr'>Fleck.</span> 
     </span>
     <span class='ocr_line' id='line_1_24' title="bbox 250 1636 1551 1687; baseline -0.002 -10"><span class='ocrx_word' id='word_1_208' title='bbox 250 1644 289 1678; x_wconf 87' lang='lat' dir='ltr'>et</span> <span class='ocrx_word' id='word_1_209' title='bbox 318 1637 446 1687; x_wconf 85' lang='lat' dir='ltr'>Umpf.</span> <span class='ocrx_word' id='word_1_210' title='bbox 475 1637 687 1677; x_wconf 85' lang='lat' dir='ltr'>Praeterea</span> <span class='ocrx_word' id='word_1_211' title='bbox 718 1638 964 1676; x_wconf 82' lang='lat' dir='ltr'>consentiunt</span> <span class='ocrx_word' id='word_1_212' title='bbox 990 1637 1080 1676; x_wconf 89' lang='lat' dir='ltr'>libri</span> <span class='ocrx_word' id='word_1_213' title='bbox 1117 1648 1215 1676; x_wconf 86' lang='lat' dir='ltr'>mss:</span> <span class='ocrx_word' id='word_1_214' title='bbox 1256 1637 1352 1675; x_wconf 87' lang='lat' dir='ltr'>Eun.</span> <span class='ocrx_word' id='word_1_215' title='bbox 1381 1648 1415 1675; x_wconf 90' lang='lat' dir='ltr'>v.</span> <span class='ocrx_word' id='word_1_216' title='bbox 1436 1636 1488 1674; x_wconf 86' lang='lat'>50</span> <span class='ocrx_word' id='word_1_217' title='bbox 1515 1637 1551 1675; x_wconf 87' lang='lat' dir='ltr'>si</span> 
     </span>
     <span class='ocr_line' id='line_1_25' title="bbox 249 1699 1287 1750; baseline -0.002 -10"><span class='ocrx_word' id='word_1_218' title='bbox 249 1701 405 1750; x_wconf 80' lang='lat' dir='ltr'>quidem</span> <span class='ocrx_word' id='word_1_219' title='bbox 432 1700 559 1739; x_wconf 80' lang='lat' dir='ltr'>hercle</span> <span class='ocrx_word' id='word_1_220' title='bbox 580 1701 723 1749; x_wconf 78' lang='lat' dir='ltr'>possis,</span> <span class='ocrx_word' id='word_1_221' title='bbox 752 1699 813 1739; x_wconf 87' lang='lat' dir='ltr'>nil</span> <span class='ocrx_word' id='word_1_222' title='bbox 832 1700 953 1749; x_wconf 72' lang='lat' dir='ltr'>prius</span> <span class='ocrx_word' id='word_1_223' title='bbox 979 1712 1104 1750; x_wconf 81' lang='lat' dir='ltr'>neque</span> <span class='ocrx_word' id='word_1_224' title='bbox 1129 1700 1287 1749; x_wconf 76' lang='lat' dir='ltr'>fortius.</span> 
     </span>
    </p>

    <p class='ocr_par' dir='ltr' id='par_1_6' title="bbox 246 1762 1547 2123">
     <span class='ocr_line' id='line_1_26' title="bbox 356 1762 1545 1812; baseline -0.002 -10"><span class='ocrx_word' id='word_1_225' title='bbox 356 1764 474 1812; x_wconf 86' lang='lat' dir='ltr'>Apud</span> <span class='ocrx_word' id='word_1_226' title='bbox 504 1762 728 1802; x_wconf 85' lang='lat' dir='ltr'>Ciceronem</span> <span class='ocrx_word' id='word_1_227' title='bbox 765 1773 920 1812; x_wconf 90' lang='lat' dir='ltr'>quoque</span> <span class='ocrx_word' id='word_1_228' title='bbox 956 1762 1206 1801; x_wconf 88' lang='lat' dir='ltr'>inveniuntur</span> <span class='ocrx_word' id='word_1_229' title='bbox 1241 1762 1456 1811; x_wconf 82' lang='lat' dir='ltr'>permulta:</span> <span class='ocrx_word' id='word_1_230' title='bbox 1495 1762 1545 1800; x_wconf 83' lang='lat' dir='ltr'>ad</span> 
     </span>
     <span class='ocr_line' id='line_1_27' title="bbox 250 1825 1546 1875; baseline -0.002 -9"><span class='ocrx_word' id='word_1_231' title='bbox 250 1829 330 1866; x_wconf 83' lang='lat' dir='ltr'>Att.</span> <span class='ocrx_word' id='word_1_232' title='bbox 358 1826 404 1873; x_wconf 92' lang='lat' dir='ltr'>V,</span> <span class='ocrx_word' id='word_1_233' title='bbox 436 1826 496 1873; x_wconf 78' lang='lat'>15,</span> <span class='ocrx_word' id='word_1_234' title='bbox 527 1827 545 1864; x_wconf 95' lang='lat'>1</span> <span class='ocrx_word' id='word_1_235' title='bbox 576 1826 678 1865; x_wconf 89' lang='lat' dir='ltr'>nihil</span> <span class='ocrx_word' id='word_1_236' title='bbox 704 1826 928 1875; x_wconf 74' lang='lat' dir='ltr'>eoeoptaiius</span> <span class='ocrx_word' id='word_1_237' title='bbox 956 1826 1129 1864; x_wconf 77' lang='lat' dir='ltr'>adventu</span> <span class='ocrx_word' id='word_1_238' title='bbox 1147 1837 1242 1872; x_wconf 84' lang='lat' dir='ltr'>meo,</span> <span class='ocrx_word' id='word_1_239' title='bbox 1268 1825 1370 1864; x_wconf 86' lang='lat' dir='ltr'>nihil</span> <span class='ocrx_word' id='word_1_240' title='bbox 1390 1825 1546 1872; x_wconf 85' lang='lat' dir='ltr'>carius;</span> 
     </span>
     <span class='ocr_line' id='line_1_28' title="bbox 246 1888 1547 1938; baseline -0.002 -10"><span class='ocrx_word' id='word_1_241' title='bbox 246 1904 289 1928; x_wconf 82' lang='lat' dir='ltr'>re</span> <span class='ocrx_word' id='word_1_242' title='bbox 304 1889 468 1938; x_wconf 79' lang='lat' dir='ltr'>publica</span> <span class='ocrx_word' id='word_1_243' title='bbox 487 1888 589 1927; x_wconf 87' lang='lat' dir='ltr'>nihil</span> <span class='ocrx_word' id='word_1_244' title='bbox 608 1889 867 1937; x_wconf 76' lang='lat' dir='ltr'>desperatius,</span> <span class='ocrx_word' id='word_1_245' title='bbox 888 1889 939 1927; x_wconf 88' lang='lat' dir='ltr'>iis</span> <span class='ocrx_word' id='word_1_246' title='bbox 957 1901 1122 1937; x_wconf 82' lang='lat' dir='ltr'>quorum</span> <span class='ocrx_word' id='word_1_247' title='bbox 1143 1900 1264 1937; x_wconf 81' lang='lat' dir='ltr'>opera</span> <span class='ocrx_word' id='word_1_248' title='bbox 1281 1888 1382 1927; x_wconf 87' lang='lat' dir='ltr'>nihil</span> <span class='ocrx_word' id='word_1_249' title='bbox 1399 1888 1547 1927; x_wconf 76' lang='lat' dir='ltr'>maiore</span> 
     </span>
     <span class='ocr_line' id='line_1_29' title="bbox 249 1949 1545 1998; baseline -0.001 -9"><span class='ocrx_word' id='word_1_250' title='bbox 249 1952 359 1998; x_wconf 84' lang='lat' dir='ltr'>odio;</span> <span class='ocrx_word' id='word_1_251' title='bbox 388 1951 456 1998; x_wconf 91' lang='lat' dir='ltr'>1V,</span> <span class='ocrx_word' id='word_1_252' title='bbox 486 1951 545 1998; x_wconf 75' lang='lat'>8²,</span> <span class='ocrx_word' id='word_1_253' title='bbox 574 1952 617 1998; x_wconf 91' lang='lat'>2;</span> <span class='ocrx_word' id='word_1_254' title='bbox 647 1950 752 1998; x_wconf 92' lang='lat' dir='ltr'>XVI,</span> <span class='ocrx_word' id='word_1_255' title='bbox 781 1952 817 1997; x_wconf 86' lang='lat'>3,</span> <span class='ocrx_word' id='word_1_256' title='bbox 845 1951 870 1989; x_wconf 93' lang='lat'>2</span> <span class='ocrx_word' id='word_1_257' title='bbox 900 1951 981 1989; x_wconf 80' lang='lat' dir='ltr'>odil</span> <span class='ocrx_word' id='word_1_258' title='bbox 1003 1951 1106 1988; x_wconf 85' lang='lat' dir='ltr'>enim</span> <span class='ocrx_word' id='word_1_259' title='bbox 1131 1950 1377 1998; x_wconf 74' lang='lat' dir='ltr'>provinciam</span> <span class='ocrx_word' id='word_1_260' title='bbox 1404 1952 1442 1988; x_wconf 80' lang='lat' dir='ltr'>et</span> <span class='ocrx_word' id='word_1_261' title='bbox 1459 1949 1545 1988; x_wconf 81' lang='lat' dir='ltr'>her-</span> 
     </span>
     <span class='ocr_line' id='line_1_30' title="bbox 250 2010 1545 2062; baseline -0.002 -10"><span class='ocrx_word' id='word_1_262' title='bbox 250 2014 336 2052; x_wconf 80' lang='lat' dir='ltr'>cule</span> <span class='ocrx_word' id='word_1_263' title='bbox 363 2013 464 2051; x_wconf 86' lang='lat' dir='ltr'>nihil</span> <span class='ocrx_word' id='word_1_264' title='bbox 483 2013 656 2051; x_wconf 81' lang='lat' dir='ltr'>odiosius</span> <span class='ocrx_word' id='word_1_265' title='bbox 684 2014 940 2061; x_wconf 88' lang='lat' dir='ltr'>(quamquam</span> <span class='ocrx_word' id='word_1_266' title='bbox 960 2011 1024 2050; x_wconf 85' lang='lat' dir='ltr'>hic</span> <span class='ocrx_word' id='word_1_267' title='bbox 1043 2024 1197 2062; x_wconf 89' lang='lat' dir='ltr'>quoque</span> <span class='ocrx_word' id='word_1_268' title='bbox 1216 2012 1353 2051; x_wconf 87' lang='lat' dir='ltr'>modus</span> <span class='ocrx_word' id='word_1_269' title='bbox 1372 2010 1545 2050; x_wconf 84' lang='lat' dir='ltr'>finitivus</span> 
     </span>
     <span class='ocr_line' id='line_1_31' title="bbox 248 2073 1544 2123; baseline -0.002 -10"><span class='ocrx_word' id='word_1_270' title='bbox 248 2086 319 2123; x_wconf 87' lang='lat' dir='ltr'>per</span> <span class='ocrx_word' id='word_1_271' title='bbox 339 2078 376 2113; x_wconf 80' lang='lat' dir='ltr'>et</span> <span class='ocrx_word' id='word_1_272' title='bbox 394 2074 660 2123; x_wconf 85' lang='lat' dir='ltr'>adiungitur);</span> <span class='ocrx_word' id='word_1_273' title='bbox 689 2074 740 2112; x_wconf 88' lang='lat' dir='ltr'>ad</span> <span class='ocrx_word' id='word_1_274' title='bbox 760 2073 851 2111; x_wconf 83' lang='lat' dir='ltr'>fam.</span> <span class='ocrx_word' id='word_1_275' title='bbox 872 2073 943 2119; x_wconf 93' lang='lat' dir='ltr'>III,</span> <span class='ocrx_word' id='word_1_276' title='bbox 960 2074 1054 2121; x_wconf 79' lang='lat'>2‚2;</span> <span class='ocrx_word' id='word_1_277' title='bbox 1082 2074 1152 2121; x_wconf 92' lang='grc' dir='ltr'>ΙΙΙ,</span> <span class='ocrx_word' id='word_1_278' title='bbox 1166 2075 1203 2121; x_wconf 92' lang='grc'>4,</span> <span class='ocrx_word' id='word_1_279' title='bbox 1222 2075 1262 2122; x_wconf 92' lang='grc'>1;</span> <span class='ocrx_word' id='word_1_280' title='bbox 1284 2074 1352 2123; x_wconf 88' lang='grc' dir='ltr'>ΧΙ,</span> <span class='ocrx_word' id='word_1_281' title='bbox 1376 2073 1435 2122; x_wconf 84' lang='grc'>15,</span> <span class='ocrx_word' id='word_1_282' title='bbox 1457 2074 1476 2112; x_wconf 94' lang='grc'>1</span> <span class='ocrx_word' id='word_1_283' title='bbox 1495 2074 1544 2123; x_wconf 87' lang='lat'>¹).</span> 
     </span>
    </p>

    <p class='ocr_par' dir='ltr' id='par_1_7' title="bbox 247 2135 1544 2374">
     <span class='ocr_line' id='line_1_32' title="bbox 356 2135 1544 2187; baseline 0 -12"><span class='ocrx_word' id='word_1_284' title='bbox 356 2137 466 2184; x_wconf 83' lang='lat' dir='ltr'>Quae</span> <span class='ocrx_word' id='word_1_285' title='bbox 495 2147 582 2175; x_wconf 89' lang='lat' dir='ltr'>cum</span> <span class='ocrx_word' id='word_1_286' title='bbox 611 2136 668 2175; x_wconf 83' lang='lat' dir='ltr'>ita</span> <span class='ocrx_word' id='word_1_287' title='bbox 695 2136 774 2175; x_wconf 85' lang='lat' dir='ltr'>sint</span> <span class='ocrx_word' id='word_1_288' title='bbox 801 2135 932 2185; x_wconf 81' lang='lat' dir='ltr'>potuit</span> <span class='ocrx_word' id='word_1_289' title='bbox 954 2135 1140 2187; x_wconf 86' lang='lat' dir='ltr'>Geppert.</span> <span class='ocrx_word' id='word_1_290' title='bbox 1169 2137 1337 2177; x_wconf 85' lang='lat' dir='ltr'>scribere</span> <span class='ocrx_word' id='word_1_291' title='bbox 1377 2136 1464 2177; x_wconf 84' lang='lat' dir='ltr'>Cas.</span> <span class='ocrx_word' id='word_1_292' title='bbox 1492 2136 1544 2183; x_wconf 93' lang='lat' dir='ltr'>II,</span> 
     </span>
     <span class='ocr_line' id='line_1_33' title="bbox 251 2198 1542 2248; baseline 0 -11"><span class='ocrx_word' id='word_1_293' title='bbox 251 2201 285 2248; x_wconf 93' lang='lat'>1,</span> <span class='ocrx_word' id='word_1_294' title='bbox 318 2200 362 2237; x_wconf 86' lang='lat'>11</span> <span class='ocrx_word' id='word_1_295' title='bbox 406 2202 441 2237; x_wconf 82' lang='lat' dir='ltr'>te</span> <span class='ocrx_word' id='word_1_296' title='bbox 469 2199 622 2238; x_wconf 83' lang='lat' dir='ltr'>demum</span> <span class='ocrx_word' id='word_1_297' title='bbox 657 2198 810 2237; x_wconf 85' lang='lat' dir='ltr'>nullwm</span> <span class='ocrx_word' id='word_1_298' title='bbox 845 2199 985 2238; x_wconf 82' lang='lat' dir='ltr'>scitum</span> <span class='ocrx_word' id='word_1_299' title='bbox 1021 2201 1177 2248; x_wconf 81' lang='lat' dir='ltr'>scitius,</span> <span class='ocrx_word' id='word_1_300' title='bbox 1216 2200 1283 2239; x_wconf 91' lang='lat' dir='ltr'>ubi</span> <span class='ocrx_word' id='word_1_301' title='bbox 1320 2199 1410 2238; x_wconf 86' lang='lat' dir='ltr'>libri</span> <span class='ocrx_word' id='word_1_302' title='bbox 1443 2198 1542 2237; x_wconf 81' lang='lat' dir='ltr'>falso</span> 
     </span>
     <span class='ocr_line' id='line_1_34' title="bbox 248 2261 1542 2312; baseline -0.001 -10"><span class='ocrx_word' id='word_1_303' title='bbox 248 2265 436 2312; x_wconf 83' lang='lat' dir='ltr'>repetunt</span> <span class='ocrx_word' id='word_1_304' title='bbox 476 2272 522 2300; x_wconf 90' lang='lat' dir='ltr'>ex</span> <span class='ocrx_word' id='word_1_305' title='bbox 548 2261 600 2310; x_wconf 94' lang='grc' dir='ltr'>ΙΙ,</span> <span class='ocrx_word' id='word_1_306' title='bbox 633 2263 664 2309; x_wconf 93' lang='grc'>1,</span> <span class='ocrx_word' id='word_1_307' title='bbox 691 2261 714 2301; x_wconf 87' lang='grc'>8</span> <span class='ocrx_word' id='word_1_308' title='bbox 751 2262 873 2301; x_wconf 80' lang='lat' dir='ltr'>scitus</span> <span class='ocrx_word' id='word_1_309' title='bbox 910 2275 961 2310; x_wconf 88' lang='lat' dir='ltr'>es,</span> <span class='ocrx_word' id='word_1_310' title='bbox 997 2267 1038 2303; x_wconf 90' lang='lat' dir='ltr'>et</span> <span class='ocrx_word' id='word_1_311' title='bbox 1072 2263 1153 2303; x_wconf 90' lang='lat' dir='ltr'>sine</span> <span class='ocrx_word' id='word_1_312' title='bbox 1181 2262 1262 2303; x_wconf 84' lang='lat' dir='ltr'>ulla</span> <span class='ocrx_word' id='word_1_313' title='bbox 1298 2261 1542 2303; x_wconf 83' lang='lat' dir='ltr'>dubitatione</span> 
     </span>
     <span class='ocr_line' id='line_1_35' title="bbox 247 2324 1540 2374; baseline -0.002 -9"><span class='ocrx_word' id='word_1_314' title='bbox 247 2327 323 2365; x_wconf 89' lang='lat' dir='ltr'>huc</span> <span class='ocrx_word' id='word_1_315' title='bbox 350 2325 475 2363; x_wconf 85' lang='lat' dir='ltr'>addo:</span> <span class='ocrx_word' id='word_1_316' title='bbox 515 2324 596 2362; x_wconf 93' lang='lat' dir='ltr'>Mil.</span> <span class='ocrx_word' id='word_1_317' title='bbox 625 2337 659 2362; x_wconf 92' lang='lat' dir='ltr'>v.</span> <span class='ocrx_word' id='word_1_318' title='bbox 687 2324 786 2363; x_wconf 85' lang='lat'>1117</span> <span class='ocrx_word' id='word_1_319' title='bbox 814 2326 911 2374; x_wconf 81' lang='lat' dir='ltr'>quid</span> <span class='ocrx_word' id='word_1_320' title='bbox 930 2327 1068 2374; x_wconf 76' lang='lat' dir='ltr'>potius</span> <span class='ocrx_word' id='word_1_321' title='bbox 1100 2338 1218 2374; x_wconf 82' lang='lat' dir='ltr'>quam</span> <span class='ocrx_word' id='word_1_322' title='bbox 1240 2328 1286 2364; x_wconf 78' lang='lat' dir='ltr'>ut</span> <span class='ocrx_word' id='word_1_323' title='bbox 1307 2328 1387 2364; x_wconf 77' lang='lat' dir='ltr'>tute</span> <span class='ocrx_word' id='word_1_324' title='bbox 1406 2325 1540 2371; x_wconf 67' lang='lat' dir='ltr'>adeas,</span> 
     </span>
    </p>
   </div>
   <div class='ocr_carea' id='block_1_3' title="bbox 247 2393 501 2399">
    <p class='ocr_par' dir='ltr' id='par_1_8' title="bbox 247 2393 501 2399">
     <span class='ocr_line' id='line_1_36' title="bbox 247 2393 501 2399; baseline 0 0"><span class='ocrx_word' id='word_1_325' title='bbox 247 2393 501 2399; x_wconf 95' lang='lat' dir='ltr'> </span> 
     </span>
    </p>
   </div>
   <div class='ocr_carea' id='block_1_4' title="bbox 246 2418 1528 2509">
    <p class='ocr_par' dir='ltr' id='par_1_9' title="bbox 246 2418 1528 2509">
     <span class='ocr_line' id='line_1_37' title="bbox 335 2418 1528 2461; baseline -0.002 -12"><span class='ocrx_word' id='word_1_326' title='bbox 335 2419 365 2461; x_wconf 91' lang='lat'>1)</span> <span class='ocrx_word' id='word_1_327' title='bbox 389 2422 489 2457; x_wconf 85' lang='lat' dir='ltr'>Atque</span> <span class='ocrx_word' id='word_1_328' title='bbox 511 2418 587 2447; x_wconf 68' lang='lat' dir='ltr'>adeo</span> <span class='ocrx_word' id='word_1_329' title='bbox 610 2419 701 2455; x_wconf 89' lang='lat' dir='ltr'>Prop.</span> <span class='ocrx_word' id='word_1_330' title='bbox 724 2420 763 2455; x_wconf 89' lang='grc' dir='ltr'>ΙΙ,</span> <span class='ocrx_word' id='word_1_331' title='bbox 787 2421 816 2454; x_wconf 84' lang='grc'>9,</span> <span class='ocrx_word' id='word_1_332' title='bbox 842 2421 880 2448; x_wconf 82' lang='lat'>34</span> <span class='ocrx_word' id='word_1_333' title='bbox 911 2424 938 2448; x_wconf 81' lang='lat' dir='ltr'>ee</span> <span class='ocrx_word' id='word_1_334' title='bbox 965 2420 1039 2448; x_wconf 70' lang='lat' dir='ltr'>nihil</span> <span class='ocrx_word' id='word_1_335' title='bbox 1067 2421 1098 2448; x_wconf 87' lang='lat' dir='ltr'>in</span> <span class='ocrx_word' id='word_1_336' title='bbox 1119 2421 1180 2449; x_wconf 80' lang='lat' dir='ltr'>vita</span> <span class='ocrx_word' id='word_1_337' title='bbox 1209 2421 1293 2448; x_wconf 73' lang='lat' dir='ltr'>nobis</span> <span class='ocrx_word' id='word_1_338' title='bbox 1320 2419 1467 2456; x_wconf 55' lang='lat' dir='ltr'>acceptius</span> <span class='ocrx_word' id='word_1_339' title='bbox 1489 2429 1528 2447; x_wconf 83' lang='lat' dir='ltr'>un</span> 
     </span>
     <span class='ocr_line' id='line_1_38' title="bbox 246 2482 334 2509; baseline 0 -8"><span class='ocrx_word' id='word_1_340' title='bbox 246 2482 334 2509; x_wconf 72' lang='lat' dir='ltr'>quam</span> 
     </span>
    </p>
   </div>
  </div>
 </body>
</html>
