1776 2893
724 198 985 239 -35—

314 304 376 346 cui
414 303 543 344 versui
580 304 691 344 deest
727 303 899 355 syllaba.;
933 304 1072 356 itaque
1108 308 1153 345 ut
1186 318 1321 348 versus
1358 308 1496 359 plenus

210 372 417 417 evaderet,
457 367 616 416 scripsit
646 367 912 407 Camerarius:
951 370 1128 417 quisqu-is
1167 383 1324 417 operam
1359 376 1405 410 ut
1430 373 1498 410 des

209 433 304 472 mihi
333 435 373 470 et
400 429 566 469 redditit
593 440 749 469 versum
777 440 914 469 sanum
951 435 1070 479 atque
1099 430 1386 484 elegantiorem,
1427 435 1494 474 sed

212 500 321 536 estne
348 495 555 535 verborum
574 496 773 532 structura
800 493 922 532 sana?
949 493 1164 533 Ritschelio
1190 506 1265 533 non
1293 498 1500 537 videbatur

210 570 315 607 esse;
354 568 432 607 qua
468 556 517 594 de
544 565 662 594 causa
689 555 848 604 scripsit
875 556 1083 605 quisqui’s,
1122 557 1224 606 quod
1252 561 1369 607 putat
1396 559 1496 599 idem

208 634 292 663 esse
319 620 423 672 quod
450 618 628 670 quisquis
654 631 705 658 es.
733 618 786 657 Et
812 618 1010 658 Vahlenus
1037 619 1135 659 illud
1165 619 1380 661 camerarii
1406 634 1496 672 pro-

210 686 380 734 positum
408 683 466 722 ita
493 680 686 731 probavit,
713 685 758 720 ut
785 682 823 720 in
853 685 1003 721 textum
1024 682 1237 732 reciperet;
1266 694 1390 734 neque
1409 696 1500 724 vero

211 761 297 788 cum
324 745 539 787 Ritschelio
575 744 731 794 scripsit
770 746 969 796 quisquffs.
1023 746 1160 795 Itaque
1195 751 1266 786 aut
1303 748 1501 797 coniungit

209 815 256 852 ut
281 813 348 851 des
376 809 574 860 quisquis,
616 809 719 857 quod
747 808 811 847 vix
838 807 966 848 facere
993 812 1135 858 potest,
1164 814 1234 858 aut
1261 811 1497 850 censendum

209 879 285 922 est,
322 886 362 912 es
388 872 493 921 apud
522 871 700 920 quisquis
726 870 854 909 omitti
881 881 1005 919 posse.
1060 871 1136 911 Sed
1166 884 1213 910 ne
1241 872 1314 911 hoc
1341 874 1499 922 quidem

208 934 495 977 concedendum
526 937 598 979 est,
626 933 821 973 hoc-esset
847 933 1001 986 unicum
1031 934 1270 984 exemplum;
1300 948 1388 975 nam
1408 937 1498 976 vide

207 1003 356 1039 cetera:
386 997 486 1035 Men.
513 1009 549 1035 v.
581 996 682 1036 1004
708 996 766 1034 At
792 996 861 1035 tibi
885 997 927 1035 di
952 1009 1102 1047 semper
1124 998 1364 1047 adulescens,
1393 1000 1498 1049 quis-

209 1062 296 1113 quis
336 1061 394 1107 e's,
430 1060 590 1110 faciant
615 1059 727 1107 bene,
768 1060 868 1099 Rud.
898 1071 932 1099 V.
960 1060 1037 1101 628
1077 1061 1131 1101 Te
1159 1065 1328 1111 opleslor
1366 1076 1495 1111 senex,

208 1125 383 1175 quisquis
422 1124 486 1162 es:
526 1123 630 1172 Quin
659 1126 701 1161 tu
728 1136 802 1170 —,·
841 1134 873 1161 ν.
903 1123 980 1162 944
1017 1123 1109 1162 Iam
1147 1125 1325 1174 quisquis
1362 1127 1402 1165 e's
1437 1140 1498 1165 me

207 1189 294 1228 odio
322 1187 478 1234 enicas;
508 1185 609 1225 1146
640 1185 728 1225 Tibi
754 1185 844 1225 deos
873 1186 995 1225 iratos
1021 1199 1115 1238 esse·
1131 1190 1290 1237 oportet,
1320 1189 1497 1239 quisquis

207 1252 266 1298 e‘s;
304 1250 444 1289 Pseud.
471 1260 507 1287 v.
539 1249 636 1288 1141
681 1248 846 1297 Quiquis
883 1261 940 1295 es,
982 1250 1211 1289 adulescens
1239 1262 1399 1298 operam
1425 1257 1496 1300 sac

208 1312 410 1362 compendi
446 1322 642 1360 quuerere.
695 1309 810 1349 Poen.
839 1321 873 1348 v.
905 1310 1005 1349 1028
1041 1311 1099 1350 Et
1137 1315 1180 1351 tu
1217 1313 1354 1362 edepol
1388 1316 1495 1364 quis-

206 1376 294 1425 quis
320 1388 359 1414 es
377 1374 394 1423 ΙΙ
413 1385 572 1423 ρααωω
594 1374 658 1411 dic
685 1375 802 1421 atque
821 1373 983 1421 impera.
1013 1374 1111 1412 Rud.
1140 1387 1174 1412 v.
1206 1376 1281 1414 108
1310 1376 1379 1414 tibi
1408 1378 1494 1426 qui-

206 1438 292 1476 dem
326 1435 471 1482 hercle,
510 1435 686 1486 quisquis
722 1447 782 1482 68,
820 1447 1006 1486 maynum
1031 1436 1189 1476 malum.
1242 1436 1326 1476 Mil.
1354 1450 1389 1478 v.
1417 1439 1493 1479 427

208 1503 305 1552 Quis
331 1513 398 1552 eqo
424 1512 510 1539 sum
546 1499 686 1549 mitur,
725 1500 760 1537 si
787 1498 890 1537 hunc
916 1500 1107 1549 ignoras?
1134 1513 1163 1539 ::
1192 1501 1300 1540 Mihi
1327 1504 1494 1551 odiosus,

208 1564 386 1615 quisquis
424 1575 464 1601 es
497 1561 556 1600 Et
593 1564 636 1599 tu
674 1564 711 1600 et
745 1561 878 1610 hic¹);
915 1561 982 1600 ubi
1011 1566 1081 1600 aut
1108 1563 1377 1613 coniungenda
1403 1571 1496 1605 sunt

206 1627 344 1667 verba:
378 1625 473 1665 mihi
500 1620 655 1663 odiosus
683 1626 720 1662 et
749 1627 792 1662 tu
818 1627 856 1663 et
880 1624 960 1671 hic,
989 1625 1028 1663 id
1061 1625 1164 1675 quod
1184 1626 1372 1674 praefero,
1401 1629 1494 1678 quia

205 1690 261 1728 sic
289 1688 470 1728 facillime
498 1699 538 1725 es
564 1686 771 1734 omittitur,
799 1689 868 1724 aut
886 1690 976 1735 post
1004 1700 1043 1726 es
1070 1688 1399 1738 distinguendum,
1429 1702 1494 1729 ne-

206 1764 280 1802 que
308 1752 434 1792 minus
461 1750 574 1791 facile
600 1755 683 1789 tum
713 1749 824 1789 deest
853 1762 892 1788 es
919 1750 957 1789 in
985 1751 1244 1800 responsione.

310 1815 369 1855 Ex
397 1816 458 1854 his
486 1818 615 1853 autem
644 1812 827 1861 exemplis
846 1818 1012 1861 apparet
1039 1826 1079 1852 es
1105 1825 1259 1862 semper
1285 1816 1376 1863 poni
1403 1821 1493 1866 post

207 1878 385 1929 quisquis
412 1881 452 1917 et
479 1889 633 1926 semper
659 1876 813 1926 plenam
842 1876 1030 1925 syllabam
1058 1887 1162 1924 esse,
1191 1876 1274 1916 sine
1303 1889 1379 1927 qua
1408 1891 1492 1919 ver-

206 1953 272 1981 sus
301 1953 457 1980 mancus
494 1941 566 1988 sit,
603 1951 791 1989 nusquam
833 1939 998 1978 inveniri
1037 1939 1154 1978 talem
1192 1940 1491 1989 applicationem

206 2005 333 2055 qualis
369 2005 580 2044 statuenda
619 2008 722 2043 esset
758 2003 860 2041 Men.
897 2013 931 2040 v.
961 2001 1048 2041 990.
1093 2002 1194 2041 Huic
1232 2005 1361 2043 versui
1400 2007 1491 2055 quid

206 2069 328 2118 igitur
365 2067 578 2107 faciemus?
631 2067 707 2105 Res
744 2069 875 2103 autem
913 2069 974 2104 est
1010 2065 1282 2115 apertissima,
1326 2079 1415 2107 nam
1452 2070 1492 2108 id

205 2133 308 2181 quod
336 2132 586 2172 vehementer
614 2129 900 2178 desideramuS‚
938 2141 977 2168 es
1010 2133 1100 2178 post
1127 2130 1305 2180 quisquis
1342 2131 1490 2172 inveni-

205 2199 270 2234 tur
306 2195 344 2234 in
374 2195 605 2242 Decurtato‚
642 2193 750 2231 cuius
789 2192 1012 2231 testimonio
1047 2194 1079 2231 si
1120 2192 1266 2230 utimur
1303 2194 1490 2233 habemus

206 2257 308 2298 hunc
337 2268 510 2296 versum:

310 2320 461 2362 Mittite
478 2321 608 2358 istunc
636 2330 661 2356 z:
696 2317 857 2357 Obsecro
886 2321 921 2357 te
949 2318 1126 2367 quisquis
1154 2332 1193 2357 es
1221 2319 1378 2367 opera‘m
1396 2321 1490 2358 mihi

204 2384 249 2420 ul
276 2383 343 2422 des

291 2509 321 2548 1)
343 2511 434 2547 Vei-g.
459 2511 513 2538 ecl.
537 2511 566 2546 3,
592 2511 649 2538 109
672 2513 698 2537 et
719 2509 812 2537 vitula
833 2513 863 2537 tu
885 2509 990 2545 diqnus
1011 2513 1038 2537 et
1057 2509 1113 2537 hic.

1183 2566 1203 2598 3
1218 2559 1240 2581 ⁹6
