1776 2893
730 157 990 195 ...15-

220 277 315 304 num
342 265 493 304 obsecro
519 275 613 301 nam
640 261 800 308 ariolus,
838 261 907 310 qui
930 262 1042 309 ipsus
1068 274 1108 299 se
1134 260 1337 300 verberat?
1381 260 1502 300 Stich.

222 339 257 367 v.
285 327 359 368 769
400 328 477 376 Qui
503 325 666 364 Ionicus
692 326 764 362 aut
791 324 1034 370 cinaedicus,
1073 324 1141 372 qui
1168 323 1236 362 hoc
1264 324 1339 363 tale
1373 325 1506 374 facere

219 391 356 441 possit.
386 389 444 430 De
471 387 559 428 aliis
586 386 663 426 alio
691 385 773 424 loco
800 396 971 435 agemus.

325 453 436 491 Nunc
478 461 689 499 pergamus
739 450 790 488 ad
826 461 872 487 ea
921 449 1117 498 exempla,
1164 449 1303 497 quibus
1340 455 1504 498 apparet

225 516 329 565 apud
351 513 525 564 perfecta
553 511 757 552 verborum
777 512 1050 562 deponentium
1077 511 1205 551 omitti
1225 510 1385 550 verbum
1414 511 1503 550 sub-

223 578 448 617 stantivum.
502 579 631 626 Atque
659 576 733 615 etsi
762 588 808 614 ea
836 580 1127 624 anteponemus,
1156 575 1222 614 ubi
1251 575 1503 623 interrogatio

226 643 298 685 est,
326 642 455 677 tamen
485 638 602 676 etiam
631 638 709 677 alia
735 639 905 676 inserere
933 639 1057 677 coacti
1085 639 1246 677 erimus:

331 700 425 740 Cas:
455 712 490 740 v,
522 701 595 740 143
631 701 698 740 ubi
722 700 867 750 fuisti?
906 700 973 739 ubi
1000 700 1221 740 lustratus?
1249 700 1315 740 ubi
1342 699 1505 739 vidisti?

221 763 323 812 quod
351 765 569 813 exemplum
597 776 711 814 quam
741 764 905 803 maxime
932 763 1154 803 defenditur
1182 775 1312 803 versu:

326 826 464 866 Pseud.
502 828 577 866 619
617 827 684 866 ubi
722 830 764 866 tu
789 840 848 866 me
882 827 1025 866 novisti
1057 827 1231 877 yentium
1269 830 1341 865 aut
1373 827 1508 865 vidisti

222 892 295 928 aut
321 890 577 930 conlocutus?

220 951 284 991 hic
305 957 433 993 autem
462 954 581 1002 locus,
609 954 682 993 nisi
699 964 768 1002 per
795 964 836 992 se
864 954 941 992 iam
960 953 1057 993 satis
1086 952 1316 993 defendatur
1345 954 1387 991 tu
1415 963 1504 1001 pro-

223 1016 393 1064 nomine,
432 1028 504 1056 non
541 1029 615 1056 uno
643 1016 719 1056 alio
756 1028 870 1056 versu
907 1017 947 1056 id
986 1017 1113 1066 ipsum
1151 1016 1302 1055 locutus
1344 1015 1502 1054 verbum

224 1079 435 1128 praebente
463 1079 704 1120 defenditur:

325 1143 442 1183 Mich.
482 1156 517 1183 v.
545 1144 622 1182 372
656 1143 759 1182 Hem
794 1143 919 1193 quid.9
971 1143 1237 1193 Epiyuomu'm
1273 1141 1503 1182 exlocutus?

221 1206 421 1244 Accedunt
448 1218 494 1244 ex
522 1207 692 1245 Terentii
719 1205 880 1245 fabulis:

326 1268 480 1307 Phorm.
508 1281 543 1307 v,
573 1268 648 1307 798
690 1269 794 1317 Quid
821 1269 892 1307 tu?
933 1269 1072 1318 ecquid
1099 1268 1248 1307 locutus
1277 1281 1363 1307 cum
1390 1269 1502 1315 istac,

223 1342 341 1378 quam
369 1330 412 1369 ob
438 1343 519 1369 rem
547 1331 649 1370 hanc
676 1330 881 1370 ducimus?

326 1392 381 1431 sic
418 1404 571 1433 versum
611 1393 772 1443 praebet
808 1393 1036 1442 Bembinus‚
1079 1392 1189 1433 cuius
1228 1393 1502 1432 auctoritatem

221 1467 307 1495 cum
327 1456 635 1506 Umpfenbachio
654 1469 807 1507 sequor,
837 1456 920 1508 (qui
950 1460 1079 1496 tamen
1097 1456 1196 1496 falso
1226 1457 1388 1496 locutu’s
1416 1468 1504 1495 con—

220 1523 284 1558 tra
311 1520 481 1560 codicem
510 1520 685 1571 scribit):
715 1520 841 1559 Bentl.
869 1525 999 1559 autem
1029 1525 1069 1560 et
1098 1521 1127 1559 F
1130 1520 1284 1560 leckeis.
1339 1531 1505 1569 sequun-

217 1573 287 1620 tur
313 1582 482 1632 reliquos
509 1584 672 1631 codices,
711 1584 777 1632 qui
804 1584 1013 1632 praebent:
1054 1584 1205 1623 locutus
1234 1596 1320 1622 cum
1346 1584 1426 1621 ista
1453 1596 1503 1630 es,

221 1655 336 1693 quam
363 1645 565 1685 lectionem
594 1658 640 1686 ex
668 1646 937 1686 emendatione
957 1646 1114 1686 consilio
1142 1645 1247 1686 facta
1274 1650 1400 1685 ortam
1420 1657 1503 1685 esse

220 1708 542 1747 verisimillimum
571 1713 642 1758 est,
670 1709 851 1758 quoniam
879 1709 1094 1748 invenimus
1121 1709 1240 1748 etiam

325 1771 446 1810 Andr.
474 1784 509 1811 v.
536 1771 613 1811 202
648 1771 717 1811 Ita
743 1774 877 1822 aperte
914 1773 1043 1822 ipsam
1076 1785 1155 1810 rem
1196 1773 1308 1811 modo
1341 1772 1503 1819 locutus,

220 1835 321 1874 nihil
349 1835 614 1874 circumitione
641 1848 736 1874 usus
764 1849 803 1875 es

324 1910 439 1948 quam
467 1898 652 1937 librorum
680 1900 919 1948 scripturam
956 1899 1125 1938 editores
1162 1902 1319 1938 servant
1346 1902 1503 1948 praeter

222 1961 492 2011 Spengelium‚
532 1961 598 2011 qui
635 1972 709 2000 non
746 1962 888 2001 iniuria
924 1962 1083 2011 quidem
1120 1961 1217 2001 dicit
1252 1961 1503 2011 simplicitate

221 2024 408 2064 sermonis
445 2025 675 2064 comicorum
704 2037 778 2064 non
815 2025 994 2073 concedi,
1035 2028 1079 2063 ut
1107 2038 1145 2064 es
1181 2037 1228 2064 ex
1254 2014 1502 2073 sequentibus

222 2101 317 2127 usus
353 2100 393 2127 es
429 2088 682 2138 suppleatur,
719 2099 843 2137 neque
879 2099 971 2127 vero
1010 2088 1201 2127 debetob
1231 2099 1316 2126 eam
1344 2099 1501 2127 causam

220 2151 388 2191 scribere
426 2151 611 2200 locutu’s;
650 2163 738 2191 nam
775 2151 926 2191 locutus
964 2151 1027 2190 hic
1066 2154 1127 2191 est
1163 2151 1267 2190 idem
1307 2151 1410 2200 quod
1447 2151 1501 2190 lo-

223 2208 335 2255 cutus
363 2228 413 2254 es.

325 2278 383 2317 De
411 2278 551 2328 quibus
570 2277 755 2327 exemplis
783 2289 934 2318 omnem
954 2278 1236 2318 dubitationem
1256 2277 1390 2327 procul
1417 2288 1501 2316 esse

221 2340 462 2380 abiciendam
484 2341 694 2381 ostendunt
711 2340 821 2379 nobis
841 2342 958 2381 etiam
988 2341 1028 2380 hi
1046 2352 1201 2380 versus:
1230 2341 1337 2380 Asin.
1358 2353 1391 2379 v.
1412 2340 1500 2379 648.

220 2405 359 2454 ecquid
385 2407 442 2443 est
471 2404 640 2443 salutis?
684 2405 782 2443 satis
810 2405 948 2453 locuti,
984 2405 1051 2444 ubi
1079 2404 1272 2443 omittitur
1299 2404 1390 2443 estis
1417 2415 1501 2443 ver-
