1776 2893
360 252 508 292 Deinde
536 253 709 293 traditur
736 252 818 292 Mil.
848 264 881 292 v.
903 252 982 293 364
1017 250 1091 293 Ubi
1126 253 1200 292 iste
1237 253 1359 293 bonus
1385 254 1548 294 servus?

254 316 322 364 qui
342 329 417 363 —‚·
444 316 488 353 R.
516 316 630 355 metri
653 326 770 354 causa
797 316 908 354 istest
934 316 1054 354 bonus
1081 328 1216 354 servus
1243 319 1283 354 et
1310 316 1481 364 spatium
1508 317 1547 355 in

256 380 287 416 A
318 378 353 417 ei
392 378 490 418 satis
519 389 700 429 magnum
729 377 947 416 videbatur.
1001 378 1136 429 Neque
1172 389 1264 418 vero
1300 378 1427 418 minus
1457 390 1548 428 pro-

253 441 396 481 babilis
424 446 484 480 est
503 441 635 481 Bothii
664 441 885 480 coniectura
912 442 1001 480 istic
1029 442 1160 488 bonus,
1189 452 1289 489 quae
1316 440 1434 480 etiam
1461 441 1547 481 Rit-

259 503 405 543 schelio
442 504 610 553 placuit,
652 504 719 553 qui
754 507 884 542 tamen
922 502 1071 543 frustra
1107 503 1341 553 postulavit,
1382 507 1427 543 ut
1462 506 1547 543 tum

255 570 403 605 servost
429 567 699 606 scriberemus.
755 565 867 612 Quod
899 569 956 605 est
983 576 1313 615 supervacaneum
1342 569 1413 613 est,
1450 570 1547 616 puto

254 629 504 668 scribendum
532 639 618 668 esse
646 639 732 667 cum
761 628 904 667 Bothio
934 628 1017 684 cubi
1042 628 1132 667 istic
1160 627 1281 668 bonus
1307 623 1471 677 servus',
1499 640 1547 668 ne

257 691 457 732 deleamus
486 692 549 732 hic
576 691 741 731 formam
770 691 925 731 dicendi
953 691 1049 731 bene
1077 691 1311 731 Plautinam.

364 754 435 794 Cui
464 759 597 794 autem
627 754 804 803 exempla
831 753 1013 793 Plautina
1052 754 1221 793 nondum
1258 758 1547 805 persuaserunt,

255 819 290 858 ei
320 818 401 858 alia
429 818 656 864 afferemus;
686 817 748 856 hic
776 817 877 856 enim
905 828 999 856 usus
1025 829 1100 857 non
1128 821 1189 857 est
1212 817 1340 857 Plauti
1368 818 1549 868 proprius

258 882 327 920 sed
347 881 502 921 omnino
526 881 713 920 sermonis
735 879 865 918 Latini
885 880 1107 919 communis.
1160 880 1260 920 Nam
1280 881 1387 930 apud
1405 880 1547 920 Teren-

255 945 355 983 tium
377 943 543 994 legimus
566 943 685 982 Andr.
710 955 742 981 v.
760 941 853 981 637:
883 942 941 981 At
962 945 1092 982 tamen
1116 944 1199 998 (ubi
1214 938 1352 993 fides?
1373 944 1409 983 si
1425 956 1548 995 royes,

257 1007 318 1046 nil
339 1007 496 1057 pudent
521 1006 584 1045 hic
624 1006 686 1045 Sic
713 1006 834 1054 igitur
861 1010 1025 1055 rogatur
1044 1007 1194 1045 Latine.
1249 1006 1348 1046 Fere
1376 1006 1548 1046 eiusdem

255 1070 409 1119 generis
430 1072 490 1108 est
515 1068 671 1107 Phorm.
700 1080 735 1107 v.
756 1068 835 1107 484
862 1068 1067 1108 Phaedria
1086 1069 1156 1109 tibi
1179 1069 1301 1109 adest.
1350 1068 1548 1110 Ubinam?

254 1133 406 1172 Eccum
432 1154 482 1160 —
513 1133 594 1171 exit

358 1196 411 1234 Et
438 1195 589 1234 Ennius
616 1194 774 1243 scripsit
793 1194 902 1233 Alex.
924 1194 997 1243 frg.
1022 1196 1090 1234 77:
1128 1195 1202 1235 Ubi
1227 1196 1301 1235 illa
1330 1198 1399 1234 tua
1419 1195 1547 1245 paulo

253 1261 347 1298 ante
374 1258 535 1308 sapiens
561 1257 751 1309 viminali
777 1257 998 1297 modestia?

358 1322 488 1369 Atque
524 1320 602 1360 Cic.
637 1321 688 1359 ad
717 1322 798 1359 Att.
827 1321 873 1366 X,
902 1314 938 1367 9,
965 1322 990 1359 2
1028 1322 1095 1360 ubi
1129 1322 1195 1360 ille
1233 1335 1321 1372 eryo
1360 1321 1547 1360 animus?

253 1397 366 1434 quem
398 1384 595 1433 proaeimis
634 1383 802 1421 litteris?
864 1382 979 1432 XIII,
1006 1383 1078 1427 40,
1108 1384 1127 1422 1
1168 1383 1235 1423 ubi
1270 1384 1392 1434 igitur
1428 1382 1547 1436 φιλο-

254 1445 426 1498 τέχνημα
454 1446 556 1486 illud
584 1449 712 1493 tuum,
751 1447 854 1495 quod
880 1446 962 1485 vidi
987 1447 1032 1485 in
1058 1445 1340 1485 Parthenone?
1380 1446 1430 1485 ad
1457 1446 1550 1486 fam.

256 1510 341 1558 XV,
373 1510 431 1556 18,
458 1511 473 1546 1
497 1509 563 1548 ubi
583 1510 716 1560 iyitur,
745 1510 909 1559 inquies,
931 1508 1211 1558 philosophia?
1240 1512 1309 1549 tua
1330 1509 1485 1559 quidem
1505 1510 1559 1548 in-

256 1573 402 1619 culina,
430 1586 517 1611 mea
542 1573 587 1610 in
607 1572 820 1621 palaestra
848 1575 913 1610 est.

361 1635 405 1673 In
445 1634 589 1674 talibus
628 1634 751 1683 igitur
788 1633 1002 1673 enuntiatis
1039 1633 1169 1673 omitti
1204 1644 1317 1683 posse
1350 1636 1423 1682 esi,
1461 1633 1549 1683 quis

255 1699 373 1737 etiam
409 1709 510 1737 nunc
538 1698 730 1746 negabit?
785 1698 837 1735 Et
875 1698 925 1735 ad
964 1698 1196 1736 sententiam
1235 1709 1357 1736 meam
1396 1701 1549 1736 susten-

255 1762 416 1800 tandam
446 1760 564 1800 etiam
593 1759 702 1799 afferi
725 1764 874 1809 potest:
904 1759 998 1798 Cist.
1027 1759 1095 1808 IV,
1127 1761 1160 1808 1,
1193 1760 1239 1798 16
1267 1772 1360 1799 nam
1385 1760 1549 1807 obsecro,

254 1825 359 1863 unde
386 1824 481 1863 haec
507 1823 708 1874 qentium?
762 1823 854 1862 Hor.
876 1822 957 1862 Sat.
979 1822 1033 1870 II,
1059 1824 1092 1869 1,
1117 1823 1168 1862 52
1196 1824 1302 1862 unde
1331 1824 1411 1863 nisi
1441 1824 1551 1863 intus

255 1886 545 1926 monstratum?
573 1890 613 1925 et
641 1886 686 1924 ef.
707 1897 804 1935 quae
824 1885 1028 1925 attulimus
1055 1888 1150 1924 sunt
1175 1886 1306 1925 omissi
1336 1887 1375 1924 in
1398 1885 1546 1925 talibus

255 1949 625 1999 interrogationibus
644 1948 821 1998 exempla
849 1954 901 1997 (p.
925 1949 990 1994 71)
1010 1948 1046 1997 ¹)

363 2012 467 2059 Quid
486 2016 617 2050 autem
647 2011 802 2058 attinet,
830 2014 862 2050 si
892 2012 931 2049 in
960 2011 1048 2049 aliis
1077 2010 1183 2049 haud
1202 2011 1337 2057 paucis
1364 2011 1550 2060 exemplis

258 2074 423 2112 Plautus
450 2073 583 2122 posuit
611 2073 693 2111 est?
723 2073 754 2110 si
785 2073 903 2111 etiam
927 2071 1035 2121 apud
1058 2071 1280 2111 Terentium
1301 2076 1458 2122 praeter
1484 2074 1552 2113 ubi

255 2137 354 2187 fides
393 2136 589 2175 invenitur
627 2136 826 2175 ubinamst
858 2136 986 2185 fides?
1049 2135 1157 2174 Haut
1196 2149 1230 2176 v.
1263 2137 1369 2175 256?
1429 2136 1550 2176 Velut

258 2199 377 2238 Bach.
406 2211 440 2237 v.
463 2199 540 2238 872
568 2198 710 2237 Plauto
738 2209 835 2248 opus
864 2197 939 2237 fuit
966 2201 1023 2238 est
1048 2198 1177 2247 verbo,
1206 2203 1251 2238 ut
1278 2199 1431 2249 plenum
1462 2210 1548 2240 ver-

257 2274 344 2303 sum
373 2263 574 2303 conderet:
608 2262 713 2311 Quid
741 2262 915 2302 cla'mas?
967 2262 1041 2303 Ubi
1068 2276 1158 2302 erus
1186 2266 1278 2302 twus
1307 2263 1392 2302 esi?
1440 2263 1549 2303 Nus-

345 2360 376 2396 1)
400 2358 490 2394 Prop.
515 2357 572 2392 111,
597 2358 646 2392 32,
670 2359 706 2386 41
732 2367 772 2386 an
794 2358 947 2394 quisquam
969 2358 1097 2387 intanto
1112 2361 1276 2395 stuprorum
1291 2358 1421 2387 emamine
1437 2358 1550 2395 quaerit

260 2422 323 2455 ‘cur
344 2412 417 2440 haec
445 2416 505 2439 tam
536 2411 637 2439 dives?
670 2412 731 2447 quis
764 2412 865 2440 dedit?
895 2412 970 2440 unde
1001 2408 1112 2439 dedit’?
1155 2412 1244 2447 Verg.
1270 2412 1323 2439 ecl.
1349 2412 1387 2448 X,
1411 2413 1449 2440 21
1473 2412 1549 2440 unde

257 2473 342 2492 amoo-
363 2465 426 2499 iste,
448 2468 563 2499 rogant,
586 2462 660 2490 cibi?
