1776 2893
0 0 130 240 ’[[Ι

760 198 993 238 -7,

342 305 421 346 Mil.
450 319 484 345 v.
513 307 590 346 323
628 305 784 355 Edepol
810 307 854 344 tu
880 302 1036 354 quidem
1054 300 1068 354 ΙΙ
1094 300 1260 350 Caecus,
1298 316 1378 343 non
1404 302 1520 342 lasci-

240 368 369 408 tiosus.
398 393 447 396 —

340 433 437 471 Rud.
467 445 500 471 v.
532 432 632 471 1152
647 429 814 479 ¹Edepol
851 428 961 468 haud
998 428 1063 467 ted
1099 430 1205 475 orat,
1252 440 1346 466 nam
1380 431 1423 467 tu
1457 429 1519 467 in-

235 494 375 534 durius.

345 558 458 596 Truc.
486 570 520 596 v.
552 558 624 596 151
653 556 732 594 Em
757 556 854 594 istoc
874 554 947 604 pol
973 557 1017 593 tu
1044 554 1198 600 otiosus,
1229 554 1361 603 Quom,
1388 576 1438 581 —

339 619 455 659 Merc.
484 632 519 658 v.
549 619 625 659 759
653 617 748 657 Non
766 630 832 669 eqo
850 630 948 666 sum,
976 617 1045 667 qui
1073 619 1108 656 te
1133 616 1283 656 dudum
1301 616 1473 656 condam·
1491 629 1519 656 ::

238 683 344 732 Quid
370 682 456 722 est?
472 682 494 733 ΙΙ

536 742 660 782 Immo
687 743 812 783 hercle
841 746 884 782 tu
909 743 999 783 istic
1025 743 1146 793 ipsus.

234 810 333 849 Men.
362 821 396 848 v.
425 809 504 848 310
530 820 624 847 nam
651 810 694 847 tu
712 808 867 858 quidem
893 807 1018 847 hercle
1042 810 1145 847 certo
1162 820 1242 847 non
1268 819 1394 847 sanus
1411 808 1519 847 satis.

338 871 500 911 Ritschl.
529 871 688 920 scripsit
717 865 876 926 tsanu’s‘
907 874 1025 920 atque
1052 869 1152 910 illud
1169 870 1327 920 quidem
1358 865 1425 926 tes'
1455 882 1519 910 oc-

234 936 358 975 currit
394 936 433 974 in
472 933 663 974 similibus
704 935 917 975 enuntiatis
956 934 1064 973 velut
1090 934 1189 973 Men.
1218 946 1252 973 v,
1284 935 1359 974 196
1397 947 1520 974 sanus

233 998 359 1038 hercle
395 1010 475 1036 non
511 1011 560 1036 es.
614 998 732 1036 Bach.
762 1010 796 1036 v.
825 998 900 1037 627
929 1010 1054 1037 sanus
1092 997 1191 1036 satis
1228 1009 1334 1036 nunc
1359 1009 1441 1036 non
1468 1009 1518 1036 es.

233 1061 349 1100 Merc.
379 1073 413 1100 V.
443 1061 520 1100 932
547 1074 670 1101 sanus
701 1073 783 1100 non
809 1073 859 1100 es,
913 1060 1001 1099 Aul.
1031 1072 1064 1099 v.
1094 1058 1171 1099 769
1209 1072 1333 1099 sanus
1369 1062 1413 1099 tu
1438 1072 1519 1099 mm

232 1137 282 1172 es,
312 1125 380 1174 qui
415 1125 544 1174 furem
570 1137 628 1163 me
664 1136 789 1171 voces,
834 1124 905 1162 sed
939 1124 979 1162 in
1014 1122 1212 1173 prioribus
1248 1122 1435 1172 exemplis
1474 1125 1518 1162 tu

233 1199 445 1237 pronomen
474 1188 603 1236 deest,
641 1190 686 1226 ut
713 1200 752 1227 es
779 1188 903 1237 magis
931 1186 1154 1237 postuletur
1181 1189 1221 1226 et
1246 1186 1309 1226 his
1336 1185 1516 1226 omnibus

229 1250 324 1289 locis
361 1263 401 1290 es
439 1254 529 1300 post
565 1263 644 1290 non
678 1251 850 1300 positum
890 1254 969 1299 est,
1007 1262 1085 1289 uno
1120 1250 1389 1290 tantummodo
1429 1249 1515 1289 loco

229 1314 328 1353 Men.
357 1326 391 1353 v.
420 1314 497 1353 322
531 1314 625 1353 Non
652 1313 786 1364 edepol
810 1313 919 1353 homo
955 1326 1079 1353 sanus
1116 1327 1173 1361 es,
1211 1316 1313 1353 certo
1348 1313 1428 1352 scio
1454 1313 1513 1352 in-

228 1378 384 1417 venitur
411 1391 450 1417 es
485 1380 576 1427 post
611 1390 757 1425 sanus,
797 1377 868 1416 sed
894 1377 1005 1416 deest
1041 1377 1107 1416 hic
1132 1389 1286 1427 quoque
1314 1380 1378 1416 tu:
1417 1377 1513 1425 Quis

229 1441 307 1480 iam
333 1453 405 1489 pro
434 1444 539 1480 certo
566 1444 698 1490 potest
728 1439 925 1479 affirmare
960 1453 999 1479 es
1025 1440 1124 1479 Men.
1154 1452 1188 1478 v.
1220 1441 1300 1480 310
1326 1440 1514 1480 excidisse

228 1506 320 1554 post
345 1503 498 1542 sanus?
525 1515 649 1554 neque
675 1514 767 1543 vero
785 1502 947 1542 verbum
970 1503 1186 1543 desiderari
1209 1502 1325 1543 debet
1351 1507 1514 1554 propter

229 1568 307 1607 iam
334 1566 457 1607 allata
483 1567 703 1606 omissionis
727 1565 903 1615 exempla
930 1569 969 1605 et
996 1567 1163 1606 maxime
1183 1566 1407 1607 defenditur
1433 1571 1513 1607 tra-

228 1629 312 1668 dita
338 1629 454 1669 lectio
481 1630 543 1669 his
571 1629 781 1679 exemplis:

334 1693 438 1733 Trin.
467 1706 500 1734 v.
529 1694 608 1734 454
635 1691 753 1734 Satin
790 1696 833 1733 tu
859 1705 983 1733 scmus
1009 1694 1150 1733 mentis
1176 1696 1250 1733 aut
1274 1694 1400 1733 animi
1427 1694 1514 1734 tui?

333 1757 390 1795 sic
417 1757 541 1795 tradit
566 1758 602 1795 A
628 1768 754 1806 neque
792 1767 879 1795 cum
906 1756 1121 1795 Ritschelio
1160 1756 1279 1795 scribi
1306 1756 1422 1796 debet
1447 1770 1512 1796 sa-

228 1819 328 1867 nu's,
357 1819 423 1870 qui
451 1820 491 1859 in
509 1820 638 1870 prima
664 1820 835 1860 editione
852 1820 1013 1870 scripsit
1030 1820 1137 1859 satin
1165 1820 1239 1859 tu’s
1265 1833 1401 1869 sanus,
1420 1822 1513 1872 quia

228 1882 368 1932 reliqui
414 1883 503 1922 libri
537 1883 727 1932 praebent
771 1886 837 1922 sat
869 1884 977 1922 intus
1013 1896 1162 1931 sanus,·
1202 1883 1272 1922 sed
1308 1897 1328 1923 s
1366 1884 1512 1934 littera,

228 1948 435 1997 postquam
472 1945 591 1986 verba
636 1945 736 1986 falso
774 1947 901 1987 divisa
937 1949 1047 1996 sunt,
1091 1947 1180 1986 intu
1215 1946 1402 1987 vocabulo
1442 1949 1510 1988 ad-

227 2011 377 2059 scripta
404 2014 481 2058 est;
523 2011 674 2050 accedit
708 2011 815 2060 quod
851 2011 948 2050 haec
984 2010 1187 2050 collocatio
1223 2015 1284 2050 est
1320 2012 1511 2061 inaudita,

228 2073 332 2123 quod
358 2073 402 2111 R.
431 2073 555 2112 sensit
579 2072 682 2112 Prol.
710 2085 748 2123 p.
778 2072 874 2113 CIX.

331 2136 386 2175 Ut
412 2136 476 2174 hic
505 2147 592 2174 cum
619 2137 876 2175 Ambrosiano
912 2137 1021 2175 satin
1047 2139 1090 2175 tu
1115 2149 1240 2176 sanus
1266 2138 1511 2178 retinendum

227 2202 297 2247 est,
326 2198 383 2238 sic
410 2209 497 2237 cum
523 2197 711 2237 Bembino
738 2199 835 2238 Eun.
864 2211 897 2237 v.
926 2199 1022 2238 559:

333 2261 439 2312 Quid
465 2265 531 2310 est,
559 2262 663 2312 quod
688 2261 816 2303 laetus
843 2262 912 2303 es?
951 2263 1047 2313 quid
1073 2263 1142 2303 tibi
1167 2263 1256 2303 vis?
1290 2265 1418 2304 satine
1445 2278 1509 2305 sa-

225 2325 333 2363 nus?
360 2325 457 2374 quid
481 2338 541 2364 me
567 2325 804 2374 adspectas?

226 2385 367 2437 reliqui
405 2387 515 2426 libri:
555 2388 663 2427 satin
689 2400 814 2428 sanus
840 2400 880 2427 es
907 2388 967 2427 vel
1004 2391 1069 2428 sat
1105 2389 1275 2429 insanus
1302 2403 1352 2430 es.

330 2451 448 2489 Andr.
478 2463 512 2489 v.
543 2452 618 2490 749
644 2452 751 2489 satin
776 2464 911 2497 sanus,
939 2452 1008 2500 qui
1032 2465 1091 2490 me
1118 2453 1162 2490 id
1187 2453 1356 2502 royites?

330 2516 436 2552 recte
463 2512 561 2552 GDP
589 2512 776 2552 omittunt
810 2525 850 2552 es
876 2513 1105 2563 quibuscum
1140 2515 1374 2555 consentiret
1399 2516 1446 2565 A,
1474 2517 1509 2557 si
