1776 2893
779 152 1042 192 -75—

263 257 375 295 hodie
402 270 462 296 me
490 281 537 285 -—
571 258 762 297 Tetulisse
790 258 987 298 auccilium
1013 262 1052 298 et
1080 270 1125 297 ex
1150 259 1266 299 Mero.
1286 272 1321 299 v.
1342 260 1418 300 298
1447 261 1560 300 Beue

263 321 389 359 hercle
424 321 579 370 factum
617 325 654 360 et
690 334 771 361 esse
807 322 961 371 factum
986 322 1138 373 qaudeo
1165 323 1207 371 (i.
1236 334 1268 361 e.
1297 322 1393 361 bene
1430 323 1560 362 hercle

263 382 410 421 factum
434 386 495 422 est
522 387 562 423 et
590 395 674 423 esse
703 383 848 423 factum
880 386 1047 432 gaudeo>
1074 388 1242 433 apparet
1269 386 1560 425 exclamationis

264 444 410 483 nullum
451 457 535 484 esse
577 446 722 493 locum,
776 457 899 494 neque
950 448 1073 496 magis
1114 447 1229 495 Epid.
1268 448 1344 487 707
1388 448 1560 487 Factwm

263 508 389 546 hercle
416 521 505 547 vero
533 512 570 547 et
604 512 708 547 recte
741 509 894 558 factum
922 510 1072 557 iudico,
1116 509 1230 548 Most.
1254 522 1289 548 v.
1319 510 1417 549 1147
1447 510 1560 549 Beue

261 570 388 609 hercle
412 571 567 620 factum
596 575 632 610 et
656 572 810 621 factum
836 573 999 622 yaudeo.

373 633 438 672 Sin
478 638 611 673 autem
649 646 736 674 cum
770 635 923 684 factum
960 635 1077 675 verbo
1112 635 1308 675 ablativus
1335 636 1562 675 coniunctus

266 700 345 744 est,
383 699 465 736 tum
496 709 607 737 nemo
636 697 740 746 loqui
769 702 901 748 potest
929 700 977 738 de
1006 698 1292 739 exclamatione.
1346 699 1486 747 Itaque
1512 699 1558 737 R.

262 770 497 809 quamquam
518 760 637 799 Bach.
658 772 692 799 v,
713 761 791 800 295
820 761 1033 812 Sapienter
1048 762 1200 811 factum
1225 775 1251 800 a
1275 762 1379 801 vobis
1398 766 1559 810 propter

265 833 446 861 numeros
474 827 686 865 concedere
714 825 863 872 debuit,
891 829 1021 863 tamen
1050 825 1157 864 Pers.
1186 837 1221 863 v.
1250 824 1326 863 774
1357 823 1446 862 Tua
1470 824 1557 873 fac-

264 887 344 922 tum
373 898 494 934 opera
522 888 678 926 addidit
705 887 855 926 frustra
882 887 920 925 in
949 886 1025 925 fine
1054 898 1189 926 versus
1218 890 1297 925 est:
1335 888 1491 936 operast
1517 889 1558 925 et

263 947 378 986 Most.
399 960 432 987 v.
453 949 504 987 33
542 950 694 988 Virtute
721 950 765 988 id
787 950 940 999 factum
969 951 1039 987 tua
1067 952 1105 988 et
1128 949 1352 1000 mayistcrio
1381 952 1446 988 tuo
1473 959 1557 986 mu-

263 1010 365 1048 tavit
403 1013 473 1049 tua
513 1015 551 1050 et
576 1012 614 1050 in
645 1015 754 1051 tuast
780 1011 914 1058 facile,
942 1012 1011 1051 sed
1040 1011 1158 1060 falso,
1188 1023 1275 1049 nam
1306 1014 1363 1049 est
1389 1016 1558 1059 ponatur

264 1072 422 1111 minime
458 1078 615 1123 oportet
652 1078 691 1113 et
729 1075 966 1124 asyndeton,
1003 1069 1105 1123 q'uod
1145 1073 1362 1120 inducitur,
1405 1073 1454 1112 ab
1483 1073 1557 1111 hoc

261 1133 344 1172 loco
382 1135 551 1175 alienum
592 1141 663 1176 est.
719 1137 929 1177 Praeterea
969 1137 1001 1175 si
1039 1136 1215 1176 videmus
1250 1136 1363 1174 Truc.
1402 1147 1436 1174 v,
1481 1135 1554 1174 167

270 1197 411 1236 Vestra
448 1199 574 1238 hercle
618 1200 772 1248 factum
806 1201 960 1238 iniuria
999 1212 1100 1249 quae
1130 1199 1419 1248 properavistis
1457 1198 1554 1245 olim,

260 1270 331 1308 ego
360 1271 433 1299 non
464 1261 602 1301 dubito
630 1274 717 1301 cum
746 1262 889 1302 Vetere
917 1262 1085 1302 scribere

367 1323 471 1361 Trin.
501 1336 535 1363 v,
569 1326 668 1364 1166
698 1324 744 1364 Si
770 1326 815 1364 id
840 1338 927 1364 mea
954 1325 1156 1364 voluntate
1181 1324 1343 1374 factum,
1373 1324 1429 1362 e'st
1454 1324 1559 1373 quod

259 1386 355 1424 mihi
380 1399 613 1426 succenseas

366 1449 432 1487 CD
453 1449 601 1488 habent
626 1450 818 1499 factumst
844 1451 971 1499 quod,·
998 1450 1043 1488 R.
1063 1454 1193 1488 autem
1223 1459 1309 1488 cum
1332 1448 1556 1488 Camerario

261 1510 416 1549 scribit:
453 1513 653 1560 factumst,
694 1515 760 1550 est.
814 1511 995 1551 Profecto
1030 1512 1127 1550 haee
1162 1511 1238 1549 duo
1276 1514 1334 1549 est
1366 1510 1478 1559 peius
1515 1511 1553 1548 in

261 1584 377 1611 aures
405 1572 594 1623 incidunt,
633 1585 750 1622 quam
779 1573 845 1612 ille
879 1573 1033 1620 hiatus,
1072 1573 1138 1623 qui
1166 1573 1263 1612 nihil
1291 1573 1411 1612 habet
1438 1572 1555 1612 offen-

260 1636 400 1683 sionis3
440 1641 480 1675 et
516 1636 615 1675 illud
654 1637 765 1685 prius
794 1640 851 1675 est
879 1637 1035 1674 minime
1064 1636 1307 1685 postulatum
1347 1647 1395 1674 ne
1422 1641 1554 1675 autem

260 1698 347 1746 quis
377 1703 644 1747 spectatorum
683 1699 934 1747 coniungeret
975 1699 1145 1754 ,factum
1179 1693 1264 1746 est',
1304 1698 1452 1737 nullum
1480 1697 1556 1737 fuit

260 1761 476 1808 perieulum
505 1765 666 1810 propter
696 1774 859 1810 pausam
888 1762 1087 1801 diaeresis.
1145 1761 1319 1811 Denique
1346 1762 1452 1811 quod
1479 1761 1553 1800 hoc

258 1827 319 1861 est
354 1825 599 1863 enuntiatum
648 1836 671 1863 a
717 1825 752 1863 si
801 1825 1009 1874 incipiens,
1057 1824 1134 1863 iam
1180 1824 1306 1863 multa
1347 1823 1553 1863 attulimus

262 1887 439 1934 exempla
468 1899 505 1935 p.
533 1886 596 1934 42,
638 1886 780 1934 quibus
816 1888 1037 1925 ostenditur
1077 1887 1116 1924 id
1152 1886 1249 1924 nihil
1277 1884 1431 1925 referre.
1487 1885 1553 1923 Sin

257 1951 387 1985 autem
417 1952 553 1987 contra
589 1948 806 1987 invenimus
835 1948 921 1987 Cas.
950 1949 1000 1995 II,
1029 1948 1066 1994 6,
1095 1948 1145 1986 66
1174 1946 1330 1986 Pietate
1365 1947 1554 1996 factumst

258 2024 345 2049 mea
373 2013 491 2060 atque
525 2012 719 2049 maiorum
759 2023 932 2049 meorum
960 2016 1000 2048 et
1027 2010 1133 2049 Asin.
1163 2022 1197 2048 v.
1226 2009 1303 2049 556
1330 2009 1384 2048 Id
1410 2010 1553 2049 virtute

257 2073 375 2111 huius
415 2074 583 2123 colleyae
618 2085 780 2122 meaque
809 2073 987 2111 comitate
1014 2072 1185 2111 Factum
1214 2075 1281 2118 est,
1311 2071 1373 2110 hic
1400 2082 1553 2121 quoque

260 2134 355 2172 nihil
385 2135 492 2174 aliud
522 2136 699 2174 videmus
728 2146 843 2184 quam
872 2138 1079 2184 utrumque
1108 2134 1247 2173 Plauto
1274 2134 1445 2173 libuisse.

364 2198 499 2248 Neque
536 2199 580 2237 R.
622 2202 680 2237 est
714 2198 871 2237 addidit
899 2198 1014 2236 Most.
1043 2210 1077 2236 v,
1106 2199 1185 2237 260
1220 2198 1370 2246 Lepide
1406 2198 1552 2236 dictum

258 2260 306 2298 de
345 2263 565 2299 atramento
594 2264 711 2310 atque
749 2260 885 2306 chare,
923 2259 1100 2308 quamvis
1129 2271 1201 2298 non
1230 2259 1284 2298 sit
1311 2258 1551 2298 exclamatio.

256 2322 421 2361 Brevior
449 2321 574 2362 forma
604 2328 665 2362 est
693 2324 810 2362 Poen.
839 2335 872 2360 v.
893 2323 969 2361 657
999 2322 1130 2361 Nimis
1159 2322 1285 2370 lepide
1313 2322 1360 2360 de
1388 2321 1551 2368 latrone,

256 2386 303 2423 de
331 2384 484 2433 Sparta
514 2388 675 2433 optume.
1296 2397 1302 2400 ·

362 2448 492 2498 Atque
528 2448 561 2486 si
602 2448 766 2497 legimus
796 2448 909 2497 Epid.
938 2459 973 2487 V.
1002 2448 1053 2487 35
1088 2447 1244 2497 Edepol
1279 2447 1442 2497 facinus
1479 2448 1550 2485 im-
