1776 2893
761 168 1022 207 -55-

355 275 466 315 Adel.
497 286 530 312 v.
560 273 637 312 742
677 272 792 312 Illud
818 273 922 322 quod
957 272 1096 311 cecidit
1129 273 1251 322 forte,
1290 273 1334 312 id
1367 276 1452 312 arte
1492 277 1538 313 ut

252 339 436 389 corriyas.

353 401 432 440 De:
477 397 704 438 corrector:
740 409 877 446 nempe
915 398 986 435 tua
1021 398 1107 435 arte
1145 396 1285 447 viyinti
1318 398 1448 436 minae
1483 421 1534 425 —

244 464 391 515 perire,
419 461 487 501 ubi
513 472 626 500 nemo
654 456 786 511 potest
813 472 853 499 es
880 459 1061 499 inserere.

354 526 463 565 Sicut
499 524 622 573 igitur
658 527 787 563 actum
829 526 889 562 est
924 523 973 562 de
1012 522 1188 561 homini’s
1226 526 1265 561 et
1294 523 1441 571 forti's‚
1480 524 1536 562 sic

255 590 373 628 etiam
402 587 537 625 tristes
563 585 649 625 fieri
665 598 752 625 -non
780 588 911 635 potest
937 589 983 624 ut
1010 585 1244 623 admittatur

350 650 448 689 Eun.
470 661 504 688 v.
524 649 601 688 273
632 648 832 699 Quidum?
859 649 955 698 quia
983 647 1107 687 tristis
1134 660 1183 686 es.
1229 646 1344 686 Nihil
1370 647 1534 697 quidem.

245 712 309 752 Ne
334 713 406 760 sis,
434 712 504 751 sed
531 712 628 761 quid
652 711 835 751 videtur?
872 711 929 750 sic
955 709 1160 759 Umpfenb.
1189 710 1369 758 retinuit;
1406 709 1532 749 Bentl.

199 801 202 805 -
245 778 374 815 autem
411 786 640 824 comparans
681 774 829 824 forti’s,
865 774 972 823 quod
1011 784 1103 812 vero
1132 775 1192 812 est
1218 773 1356 822 fortis,
1397 772 1535 811 scribit

245 836 401 884 bristi's;
436 837 540 876 hunc
567 838 742 887 sequitur
768 837 897 876 Fleck.
940 835 996 875 Cf.
1025 835 1202 884 exempla
1228 834 1412 874 Plautina
1439 836 1534 885 quia

241 899 444 940 vanilocus
470 899 694 950 vapulabis,
723 900 811 940 alia.

348 963 476 1002 Unum
504 966 628 1003 restat
657 964 875 1014 exemplum
903 963 1009 1013 quod
1028 962 1116 1001 ideo
1142 962 1361 1011 praeterire
1379 962 1533 1001 silentio

242 1024 434 1074 nolumus,
463 1026 569 1075 quod
595 1026 725 1066 Fleck.
753 1026 818 1065 1110
845 1036 999 1076 quoque
1026 1037 1074 1063 us
1102 1025 1272 1074 scripsit.

351 1088 449 1127 Eun.
487 1101 521 1127 v.
556 1090 633 1128 496
673 1090 778 1138 Quid
815 1089 884 1135 tibi
928 1100 993 1139 eyo
1030 1087 1156 1126 multa
1192 1087 1350 1126 dicam?
1387 1088 1535 1127 do'miui

241 1149 382 1190 similis
409 1151 448 1190 έε
1339 1189 1349 1198 ,

352 1213 408 1253 sic
428 1225 561 1254 omnes
580 1214 688 1263 libri;
717 1217 853 1254 contra
870 1225 967 1264 quos
986 1213 1110 1253 Bentl.
1136 1214 1284 1253 simia’s
1311 1215 1535 1254 coniectura

241 1288 316 1314 non
343 1277 401 1315 ita
426 1280 554 1325 certa3
595 1277 837 1317 Fleckeiseni
878 1280 1007 1316 autem
1035 1278 1254 1326 scriptura:
1294 1278 1443 1316 simiu’s
1469 1282 1528 1317 to-

240 1338 357 1378 lerari
384 1340 528 1389 nequit.
567 1340 669 1387 Quid
695 1341 818 1390 igitur
845 1340 1061 1378 discimus?
1090 1339 1426 1379 Statuendum
1455 1345 1531 1380 est

239 1412 300 1441 ne
337 1403 472 1452 apud
512 1402 804 1442 Terentium
849 1403 1049 1453 quidem
1085 1403 1156 1441 u’s
1194 1406 1242 1441 et
1278 1402 1339 1442 i's
1383 1414 1528 1454 syna-

240 1462 457 1514 loephae
493 1466 647 1504 ullum
684 1466 848 1505 locum
882 1465 1060 1505 fuisse.
1113 1466 1239 1505 Item
1279 1477 1331 1505 ex
1372 1468 1528 1506 omni-

240 1527 328 1566 bus
375 1526 676 1578 fragmentis
724 1529 1024 1576 comoediae,
1061 1529 1365 1577 tragoediae
1403 1529 1528 1570 illae

240 1590 342 1629 -u’s
368 1592 765 1631 terminationes
792 1592 1051 1630 radicitus
1090 1592 1454 1640 exstirpandae
1482 1598 1528 1632 et

240 1652 541 1693 evellendae
582 1657 721 1703 sunt,
758 1666 880 1705 quas
914 1654 997 1693 hic
1034 1665 1234 1704 quoque
1260 1654 1361 1693 viri
1388 1655 1526 1695 docti

240 1715 353 1755 sine
386 1718 704 1757 necessitate
738 1717 1065 1757 induxerunt.
1118 1716 1284 1755 Restant
1320 1718 1349 1756 ii
1387 1730 1524 1758 versus

238 1777 382 1827 Plauti,
410 1779 551 1829 quibus
579 1793 618 1819 es
645 1781 703 1819 ita
730 1780 912 1828 traditur,
940 1782 985 1818 ut
1006 1790 1092 1818 cum
1107 1778 1232 1817 vocali
1259 1779 1390 1828 aliquo
1417 1779 1525 1820 finali

240 1841 452 1892 coalescat,
481 1842 590 1882 cuius
618 1843 772 1893 generis
800 1841 977 1892 exempla
1002 1841 1188 1881 nonnulla
1214 1841 1292 1881 iam
1320 1843 1524 1883 attulimus

237 1916 275 1953 p.
312 1905 366 1944 44
401 1908 441 1944 et
486 1906 575 1945 aliis
611 1906 708 1945 locis
743 1906 917 1945 disiecta.
970 1905 1024 1944 Hi
1067 1905 1142 1944 1001
1179 1906 1229 1944 ad
1264 1909 1439 1945 nostram
1476 1908 1525 1946 de

238 1968 314 2007 -u's
341 1968 579 2019 synaloepha
605 1969 872 2019 quaestionem
900 1968 1017 2008 etiam
1046 1968 1191 2008 certius
1234 1968 1523 2009 diiudicandam

237 2031 334 2071 nihil
360 2032 558 2081 tribuunt,
597 2033 666 2071 sed
694 2032 812 2072 affero
840 2043 928 2079 eos,
966 2044 1016 2071 ne
1043 2032 1130 2081 quis
1158 2031 1304 2071 frustra
1330 2033 1436 2081 apud
1463 2045 1524 2073 me

237 2097 412 2143 quaerat.
466 2094 631 2133 Plautus
658 2095 721 2134 his
747 2094 842 2134 locis
869 2095 1005 2144 posuit
1032 2107 1081 2141 68,
1109 2097 1155 2133 ut
1181 2094 1332 2133 hiatum
1358 2095 1523 2134 evitaret

237 2157 300 2197 vel
326 2161 373 2197 ut
408 2158 563 2207 longam
591 2157 780 2207 syllabam
817 2156 990 2198 efficeret
1016 2157 1078 2197 vel
1115 2161 1161 2196 ut
1197 2159 1391 2197 sententia
1419 2163 1524 2199 esset

235 2221 443 2269 perspicua
469 2220 530 2258 vel
557 2221 650 2269 quia
677 2221 713 2259 ei
739 2220 865 2259 libuit.

340 2284 471 2334 Atque
505 2283 674 2334 primum
713 2284 869 2335 quidem
907 2283 1063 2334 saepius
1100 2296 1140 2323 es
1182 2295 1224 2324 se
1260 2282 1433 2334 applicat
1471 2285 1522 2324 ad

237 2359 278 2385 -ο
305 2347 478 2386 vocalem
503 2346 659 2386 finalem
687 2354 726 2387 et
751 2348 858 2386 haud
884 2359 973 2385 raro
1003 2348 1053 2385 ad
1080 2347 1189 2386 homo
1216 2348 1394 2386 verbum:
1434 2350 1523 2397 quis

238 2413 281 2449 tu
316 2410 424 2450 homo
461 2423 502 2451 es
538 2408 648 2449 Curc.
687 2423 722 2450 v.
759 2410 855 2459 4123
897 2410 978 2450 Mil.
1016 2422 1050 2449 v.
1088 2410 1187 2458 425;
1228 2410 1331 2450 Trin.
1359 2423 1392 2450 v.
1422 2412 1521 2461 970;

236 2473 335 2513 Men.
353 2486 387 2513 v.
408 2475 505 2523 816;
533 2496 583 2500 —
605 2474 754 2523 probus
780 2473 889 2512 homo
908 2486 948 2513 es
974 2473 1089 2513 Poen.
1109 2485 1143 2513 v.
1162 2474 1260 2522 573;
1292 2475 1522 2517 caedundus
