1776 2893
768 161 1029 202 ..92-

250 277 374 316 neque
418 264 625 306 Cornelius
660 268 716 307 ad
754 266 978 307 Terentiam
1009 269 1150 318 postea
1183 266 1303 306 rediit
1336 268 1387 316 Π,
1428 268 1488 317 19,
1516 267 1542 308 5

257 327 408 367 Caesar
433 342 492 368 me
518 329 593 368 sibi
618 330 698 369 volt
723 330 892 381 leyatwm
920 354 969 358 ——
997 330 1193 370 honestior
1218 329 1313 369 haec
1332 329 1544 370 declinatio

247 391 445 440 periculi;
472 391 539 440 VI,
569 392 603 440 2,
631 393 677 440 5;
718 395 758 432 et
784 392 873 441 XII,
902 393 939 442 4,
968 395 992 433 6
1032 406 1156 443 neque
1184 393 1287 432 enim
1312 392 1392 432 ista
1417 393 1544 432 maior

251 454 486 502 admonitio,
526 467 644 505 quam
673 455 812 505 quibus
849 456 1009 496 assidue
1038 456 1222 507 conficior
1248 455 1336 504 VII,
1365 454 1401 504 7,
1428 455 1456 494 4
1483 467 1542 495 ce-

252 520 337 556 tera
381 518 564 557 videntur
609 531 689 558 esse
739 519 978 570 tranquilla,
1021 519 1368 570 tranquillissimus
1413 520 1543 558 autem

252 581 409 620 animus
435 594 542 621 meus
565 582 653 630 VH,
685 583 745 632 13,
776 584 794 622 1
818 595 983 633 quorum
1003 583 1085 623 dux
1104 595 1222 634 quam
1248 576 1544 635 ἅστρατήγητος

253 647 296 683 tu
323 656 474 693 quoque
502 645 810 693 animadvertis;
850 659 968 695 quam
995 647 1080 685 sine
1109 645 1287 692 consilio,
1323 658 1386 685 res
1425 645 1542 684 testis.

252 706 402 756 (Etiam
430 706 658 748 Petronius:
701 707 896 749 Homerus
924 709 1031 749 testis
1058 712 1096 749 et
1122 708 1236 760 lyrici
1266 707 1545 760 Romanusque

261 770 455 821 Veryilius
482 774 519 810 et
545 771 710 810 Horatii
737 773 894 811 curiosa
919 772 1104 822 felicitas,
1131 772 1197 811 ubi
1225 771 1368 811 Buech.
1396 770 1545 811 frustra

251 834 459 884 proposuit
486 836 544 873 est
570 834 623 885 et)
643 835 701 885 ¹);
743 835 795 874 ad
823 836 905 876 Att.
933 834 1038 884 XIV,
1067 836 1104 885 6,
1135 836 1176 884 13
1204 834 1309 884 XIV,
1340 834 1400 884 11,
1431 834 1450 873 1
1480 847 1543 874 ve-

251 910 340 936 rum
366 897 447 936 illis·
473 910 619 948 mayna
648 899 860 938 consolatio
888 899 1126 938 conscientia
1151 899 1313 937 maximi
1341 901 1377 936 et
1405 897 1543 937 claris-

253 960 343 999 simi
378 960 501 1013 facti‚
541 960 651 1000 nobis
692 961 822 1012 quae?
859 961 912 1001 Et
939 961 974 1001 si
999 961 1165 1011 legimus
1192 961 1245 1000 ad
1270 961 1344 1000 Att
1370 959 1401 1010 I,
1431 960 1492 1010 19,
1523 960 1542 1000 1

254 1023 442 1063 Metellus
461 1036 543 1062 non
561 1023 669 1063 homo
689 1024 758 1063 sed
781 1025 875 1064 litus
898 1028 1016 1075 atque
1036 1037 1105 1063 aer
1125 1027 1162 1063 et
1186 1023 1406 1063 sollicitudo
1425 1036 1545 1071 mera,

254 1088 299 1124 ut
327 1086 433 1135 apud
460 1086 614 1125 Petron.
645 1086 707 1134 23,
733 1086 783 1126 38
805 1087 1038 1136 phantasia,
1074 1098 1155 1125 non
1182 1086 1291 1124 homo
1317 1088 1358 1125 et
1384 1086 1435 1124 ad
1461 1086 1544 1125 Att.

253 1148 323 1196 XI,
351 1148 388 1196 4,
418 1149 442 1187 2
473 1147 647 1204 ςΒντιια3
674 1150 824 1189 amicus
832 1163 845 1198 ,·
883 1151 928 1189 in
963 1162 1085 1189 causa
1111 1151 1292 1189 versatur
1319 1143 1478 1189 acriter'
1508 1151 1548 1188 et

254 1211 342 1260 XII,
371 1212 406 1260 2,
438 1212 456 1250 1
487 1212 557 1251 sed
593 1215 731 1252 auctor
757 1213 908 1253 nullius
934 1213 994 1253 rei
1021 1213 1248 1263 quisquam,
1284 1214 1367 1252 tum
1395 1211 1546 1252 intelle-

255 1274 382 1324 gimus
400 1273 500 1315 falso
519 1276 698 1315 additum
718 1288 802 1317 osse
822 1289 846 1317 a
864 1277 959 1317 viris
978 1277 1041 1316 dd.
1062 1279 1120 1316 est
1138 1276 1189 1315 ad
1207 1276 1290 1315 Att.
1317 1275 1403 1325 XV,
1433 1276 1493 1325 13,
1521 1277 1547 1316 5

255 1337 464 1378 Dolabella
492 1339 553 1378 vir
580 1340 759 1389 optimus.
788 1339 834 1380 cf.
864 1341 983 1380 etiam
1012 1340 1064 1380 ad
1090 1340 1174 1378 Att.
1203 1339 1234 1388 I,
1265 1339 1325 1388 13,
1355 1339 1389 1378 2.

360 1401 480 1441 Plura
506 1413 666 1452 possum
695 1402 854 1452 afferre,
882 1403 953 1443 sed
979 1405 1025 1443 ut
1050 1402 1260 1443 transitum
1287 1402 1338 1442 ad
1363 1401 1546 1442 Plautum

256 1464 351 1504 mihi
390 1476 523 1514 parem
551 1478 653 1506 nunc
681 1466 858 1516 exempla
886 1466 1121 1505 Terentiana
1156 1465 1395 1505 adscribam:
1435 1465 1545 1504 Adel.

255 1539 289 1566 v.
319 1528 393 1568 687
425 1527 516 1567 Iam
542 1529 587 1568 id
606 1532 816 1579 peccatum
845 1529 1021 1579 primum
1047 1540 1232 1580 magnum
1258 1528 1377 1567 Haut.
1407 1539 1441 1567 v.
1470 1528 1544 1567 461

262 1590 397 1630 Omnis
422 1590 606 1631 sollicitos
633 1592 771 1631 habuit
788 1594 905 1642 atque
931 1591 1026 1631 haec
1052 1604 1136 1630 una
1162 1603 1242 1631 nox
1268 1614 1317 1618 —
1346 1590 1421 1630 521
1450 1590 1547 1630 Mu-

258 1653 330 1693 lier
369 1654 566 1694 commoda
602 1654 737 1705 faceta
775 1654 871 1695 haec
897 1654 1082 1694 meretrix
1109 1654 1227 1694 Andr.
1257 1666 1291 1693 v.
1320 1653 1398 1693 970
1424 1652 1549 1693 Pater

257 1718 408 1757 amicus
435 1731 608 1758 summus
634 1718 744 1758 nobis
772 1717 817 1758 cf.
847 1717 1029 1758 Phormio
1058 1730 1091 1758 v.
1122 1719 1198 1758 104

363 1781 489 1828 Quam
516 1781 638 1831 igitur
666 1793 822 1821 causam
850 1781 1036 1821 habemus
1065 1780 1271 1821 dubitandi
1298 1780 1347 1819 de
1374 1779 1436 1819 his
1463 1790 1548 1819 ver-

257 1844 367 1884 sibus
393 1843 616 1884 Plautinis?

364 1908 445 1947 Mil.
474 1920 509 1946 v.
540 1909 638 1947 1071
669 1908 779 1947 libri:
808 1920 890 1947 non
917 1908 985 1946 hoc
1011 1907 1207 1947 insulswm
1233 1907 1322 1946 hinc
1348 1904 1550 1956 ingenium

259 1972 303 2010 R.
344 1983 424 2010 non
459 1971 654 2011 insulsum
694 1971 784 2012 huic
823 1972 1059 2023 inqeniumst
1094 1969 1251 2020 Ussing.
1289 1968 1434 2010 rectius
1447 2000 1456 2018 ,
1506 1971 1550 2008 ut

260 2035 355 2073 mihi
384 2035 557 2074 videtur:
597 2048 693 2089 tnon
731 2036 800 2073 hoc
838 2035 1012 2073 insulum
1038 2027 1269 2084 inyenium’.
1322 2032 1468 2082 Utique
1495 2034 1551 2070 est

259 2108 591 2147 supervacaneum
620 2101 691 2138 est.

347 2228 376 2261 1)
400 2226 465 2254 Tib.
490 2227 514 2262 Ι,
540 2227 569 2262 7,
594 2227 628 2255 91
671 2225 809 2254 Tarbella
833 2225 947 2261 Pyrene
972 2224 1065 2253 Testis
1087 2227 1114 2251 et
1137 2223 1249 2252 Oceani
1276 2222 1367 2251 litora
1389 2220 1550 2257 Santonici,

266 2280 360 2308 Testis
382 2278 470 2307 Arar
492 2279 707 2315 Rhodanusque
741 2279 815 2308 celer
846 2286 1024 2315 magnusque
1058 2277 1212 2306 Garumna
1245 2277 1334 2313 Prop.
1357 2276 1413 2309 111,
1437 2277 1487 2309 26,
1510 2275 1549 2303 4⁷

259 2332 341 2361 tectis
366 2334 542 2374 sgmymone‚
575 2333 677 2360 latices
709 2342 772 2360 cum
793 2331 892 2367 ferret
923 2332 954 2358 in
977 2331 1067 2365 Aryiae
1098 2337 1255 2365 conpressa
1283 2333 1309 2356 et
1330 2329 1445 2356 Lernae
1460 2329 1553 2364 pulsa

260 2385 384 2414 tridente
401 2385 493 2422 palus
517 2385 553 2420 V,
579 2387 606 2421 3,
630 2386 669 2414 49
703 2385 796 2413 omnis
817 2393 902 2412 amor
923 2392 1046 2419 maanus
1067 2382 1120 2411 sed
1140 2387 1242 2419 aperto
1263 2382 1295 2410 in
1316 2381 1437 2417 com‘uqe
1457 2381 1554 2409 maior

261 2440 300 2474 11,
326 2440 375 2473 26,
398 2440 439 2467 45
463 2438 515 2466 aed
534 2448 592 2467 non
615 2438 765 2474 Neptunus
787 2442 868 2465 tanto
891 2436 1018 2465 m-udelis
1040 2434 1138 2463 amori
1158 2435 1309 2471 Neptunus
1321 2434 1424 2471 fratri
1438 2443 1500 2471 par
1521 2433 1553 2461 in

261 2500 360 2520 amore
381 2491 454 2519 Jovi
