1776 2893
746 188 981 229 -5-

223 307 328 335 mum
371 309 497 337 sermo
540 297 744 337 familiaris
796 295 1032 335 concesserit
1077 294 1220 333 Plauto
1261 296 1507 336 omissionem

224 371 343 399 necne
378 360 455 409 ibi,
495 361 563 400 ubi
589 360 679 399 libri
715 369 800 398 eam
826 356 1037 407 praebent,
1075 356 1312 407 Kiesslingio
1339 362 1508 398 auctore

225 434 300 462 non
327 424 425 463 satis
445 421 581 463 >habui
607 421 760 462 fabulas
787 420 992 460 Plautina-s
1019 420 1267 470 perquirere,
1295 422 1366 461 sed
1391 422 1509 461 advo-

224 486 309 525 cavi
336 486 560 525 Terentium
598 488 639 525 et
666 483 862 523 Ciceronis
904 482 1117 532 epistulas,
1158 483 1225 532 qui
1252 483 1337 532 ipse
1363 484 1510 523 diserte

224 549 332 598 dicit,
360 550 466 600 quod
491 560 604 588 nemo
631 547 777 587 nescit:
818 546 1009 596 epistulas
1035 557 1124 585 vero
1152 546 1361 585 cotidianis
1386 547 1511 586 verbis

224 614 354 651 texere
372 613 537 652 solemus
556 612 627 661 (ad
643 609 735 649 fam.
763 609 820 647 IX
839 609 903 657 21,
932 608 985 658 1),
1013 609 1155 648 deinde
1172 609 1330 648 Horatii
1352 609 1509 657 satiras,

221 675 271 714 de
297 687 463 725 quarum
491 684 633 723 genere
659 671 813 711 dicendi
839 671 925 720 ipse
952 673 1069 720 poeta
1096 671 1196 710 dixit
1214 671 1294 710 Sat.
1314 671 1347 720 I,
1374 671 1412 720 4,
1439 672 1508 711 39:

222 750 347 788 neque
383 738 420 776 si
456 737 544 786 quis
580 734 728 775 scribat
762 734 822 774 uti
856 746 928 774 nos
956 732 1136 774 Sermoni
1166 734 1361 784 propiora
1392 737 1511 785 putes

220 800 324 840 hunc
351 813 432 839 esse
455 801 621 848 poetam.
674 797 810 847 Neque
828 788 1055 836 Petronium
1075 796 1229 847 neglexi
1256 800 1296 836 et
1321 809 1384 837 me
1402 796 1507 846 frag-

220 865 351 902 menta
386 861 514 912 poesis
560 861 736 900 scenicae
774 860 988 910 perlegisse
1025 859 1132 899 haud
1168 871 1267 910 opus
1305 863 1366 900 est
1404 871 1508 900 com-

221 936 450 964 memorare.

324 986 513 1036 Incipiam
541 988 673 1025 autem
700 997 724 1025 a

520 1091 712 1132 secunda
739 1091 978 1142 singularis
1005 1103 1209 1143 persona,

221 1177 270 1216 de
296 1187 375 1227 qua
402 1187 564 1225 prorsus
593 1175 708 1215 aliter
734 1176 830 1216 mihi
857 1177 1106 1216 iudicandum
1135 1179 1206 1226 est,
1234 1188 1351 1228 quam
1379 1176 1507 1217 adhuc

219 1240 492 1279 iudicaverunt
518 1240 593 1278 viri
620 1240 736 1278 docti.
791 1239 902 1278 Hanc
940 1240 1041 1278 enim
1067 1251 1275 1289 personam
1304 1243 1343 1279 et
1371 1239 1439 1279 alii
1467 1243 1507 1279 et

218 1302 376 1342 Brixius
412 1302 567 1341 omnino
602 1302 854 1341 seiunxerunt
889 1315 913 1341 a
949 1303 1235 1352 disputatione,
1274 1305 1321 1341 ut
1354 1303 1399 1341 in
1426 1315 1507 1352 qua

219 1366 352 1417 (πεῖραί
388 1365 527 1405 circuli
566 1365 782 1404 adiectione
818 1365 928 1404 nullo
953 1365 1094 1415 ubique
1120 1367 1272 1416 neyotio
1300 1359 1363 1421 ‘es'
1393 1366 1507 1405 resti-

218 1431 404 1468 tueretur.
456 1429 596 1478 Itaque
622 1427 769 1467 factum
798 1431 877 1477 est,
904 1431 950 1467 ut
975 1429 1015 1467 in
1042 1429 1152 1477 poesi
1179 1429 1332 1468 scenica
1357 1428 1507 1468 nullum

219 1494 347 1531 exstet
374 1491 592 1541 exemplum
619 1491 753 1530 omissi
780 1504 819 1530 es
846 1491 964 1530 verbi.
1018 1491 1105 1530 Hoc
1131 1503 1208 1531 non
1235 1495 1341 1531 recte
1368 1503 1411 1531 se
1436 1491 1506 1530 ha-

217 1554 311 1594 bere
345 1555 423 1594 iam
451 1566 521 1604 per
548 1566 591 1593 se
618 1556 798 1604 apertum
825 1557 907 1603 est,
944 1555 1125 1604 quoniam
1160 1554 1269 1593 nulla
1296 1565 1416 1594 causa
1442 1566 1506 1593 ex-

220 1618 386 1667 cogitari
404 1620 548 1667 potest,
577 1628 645 1656 cur
673 1618 891 1667 excipiatur
909 1618 1081 1657 secunda
1108 1617 1319 1667 singularis
1337 1629 1507 1667 persona

219 1693 243 1720 a
268 1680 451 1720 libertate
475 1684 704 1729 ceterarum,
732 1684 772 1720 et
791 1680 916 1730 magis
938 1680 1156 1730 apparebit,
1186 1691 1273 1719 cum
1293 1680 1502 1720 ostendero

219 1743 414 1783 nullum
442 1754 497 1782 ex
535 1743 600 1782 iis
627 1743 775 1792 locis,
812 1755 937 1794 quos
974 1744 1074 1783 viri
1101 1744 1247 1783 docti
1284 1742 1379 1782 illo
1408 1742 1506 1782 cir-

220 1806 333 1846 culo
361 1807 707 1855 donaverunt,
743 1807 1031 1846 mutandum
1058 1819 1191 1855 esse,
1228 1806 1345 1857 quia
1381 1818 1505 1845 nun-

220 1882 366 1920 quam
403 1870 450 1908 in
486 1869 663 1918 lingua
697 1868 882 1908 Latina
916 1875 974 1908 'us
1011 1872 1059 1908 et
1098 1881 1148 1908 es
1183 1868 1419 1919 syllabae
1457 1869 1506 1908 in

219 1945 358 1972 unam
385 1931 676 1971 coalescere
702 1934 1004 1981 potuerunt,
1032 1935 1210 1971 contra
1236 1932 1342 1971 late
1368 1934 1508 1982 patet

221 2010 270 2036 es
296 1995 446 2035 verbi
481 1995 700 2034 omissio.

325 2060 456 2110 Atque
482 2058 609 2109 prima
635 2058 850 2108 procedant
877 2070 924 2098 ea
951 2058 1140 2110 exempla,
1168 2057 1310 2110 quibus
1338 2058 1508 2098 editores

221 2137 260 2163 es
295 2123 413 2163 verbo
459 2122 635 2161 immixto
683 2132 835 2160 omnem
870 2123 1060 2162 sermonis
1099 2122 1343 2161 alacritatem
1390 2124 1509 2171 atque

219 2187 298 2225 vim
326 2186 565 2236 eripuerunt,
594 2183 796 2223 enuntiata
823 2184 921 2234 dico,
949 2185 1089 2236 quibus
1111 2185 1290 2225 diversae
1316 2196 1509 2234 personae

219 2249 321 2288 inter
339 2260 382 2288 se
409 2250 659 2298 opponuntur
676 2246 847 2286 breviter
874 2248 1162 2299 aptissimeque.
1204 2249 1249 2287 In
1275 2247 1387 2287 libris
1414 2258 1505 2286 mss.

219 2311 405 2360 legimus:

324 2374 439 2413 Most.
478 2385 512 2412 v.
549 2373 600 2412 49
640 2372 701 2411 Tu
733 2372 983 2422 fortunatus,
1021 2386 1088 2424 eyo
1121 2373 1260 2412 miser:
1303 2372 1509 2423 patiunda

220 2439 322 2475 sunt.
351 2439 391 2476 et
410 2437 579 2476 editores
600 2434 775 2476 scribunt
799 2436 1054 2485 fortunatu's,
1081 2448 1130 2476 ne
1152 2449 1191 2475 es
1213 2435 1374 2475 verbum
1392 2436 1507 2485 desit,

220 2501 339 2549 atque
357 2499 545 2539 laudatur
571 2499 635 2540 hic
660 2510 796 2540 versus
818 2500 1036 2552 exemplum
1056 2499 1225 2540 omissae
1246 2512 1333 2540 sum
1358 2498 1508 2542 formae
