1776 2893
800 168 1061 208 „43—

285 272 424 311 solitus
452 273 679 323 aryutarier
706 274 818 312 ovid.
847 272 936 312 fast.
966 274 1037 322 ΙΙΙ,
1065 273 1142 313 305
1171 273 1236 312 cui
1264 276 1307 312 tu
1325 272 1463 312 solitus
1483 286 1579 323 pro-

284 335 446 373 mittere.
501 335 553 374 Et
580 336 699 374 etiam
729 336 797 375 illo
816 336 1004 375 Pseuduli
1031 347 1147 376 versu
1176 339 1220 376 tu
1237 346 1451 386 pronomen
1471 341 1579 376 ante-

285 398 399 437 cedit.
455 397 567 438 Nunc
594 399 770 438 venimus
798 399 848 438 ad
876 410 1031 439 versum
1059 399 1173 439 valde
1200 399 1423 450 ambiguum

391 461 502 511 Capt.
532 474 566 501 V.
595 463 669 501 831
701 462 845 502 Nescio
870 475 982 512 quem
1010 464 1065 502 ad
1084 466 1246 513 portum
1263 465 1406 501 nactus
1434 474 1485 508 es,
1513 462 1580 500 ubi

287 536 412 572 cenes,
442 536 484 563 eo
507 525 682 574 fastidis,

391 599 506 637 quem
535 587 724 627 Fleckeis.
763 588 882 627 habet
919 601 990 637 pro
1027 600 1144 628 versu
1181 588 1400 635 trochaico,
1440 587 1579 626 Stude-

286 651 407 688 mund
443 662 516 698 pro
554 650 721 690 iambico
759 651 1003 699 septenario,
1041 651 1197 700 Ussing.
1236 661 1392 689 versum
1419 650 1581 688 damnat

284 715 331 751 ut
370 724 445 751 non
474 712 711 753 Plautinum.
765 713 905 764 Itaque
941 714 1155 754 necessitas
1190 714 1248 753 u’s
1276 713 1475 752 statuendi
1503 725 1579 752 non

284 776 341 813 ita
368 787 512 824 magna
539 780 610 814 est.

389 838 501 888 Epid.
531 851 564 878 v.
595 839 641 879 61
672 851 745 889 pro
786 839 946 879 timidus
983 853 1022 880 es
1049 839 1178 879 verbis
1205 838 1338 879 GoetZ.
1366 838 1504 878 scribit
1532 840 1579 879 ti-

283 901 449 948 midu's,·
487 902 602 940 aliter
630 901 718 939 illos
747 914 884 941 versus
924 902 1069 942 format
1095 903 1269 942 Mueller.
1298 903 1407 941 Pros.
1435 914 1472 951 p.
1501 902 1579 941 465

285 964 457 1003 retinens
487 965 647 1004 timidus
684 977 734 1012 es,
763 964 879 1005 aliter
907 966 1061 1016 Ussing.
1100 966 1193 1005 item
1221 966 1392 1005 retinens
1421 965 1581 1004 timidus

285 1039 336 1074 es,
365 1039 444 1077 qua
474 1027 512 1065 in
541 1040 584 1067 re
611 1027 673 1067 his
702 1029 913 1069 adsentior.

391 1090 505 1129 Truc.
535 1102 568 1129 v.
602 1092 675 1130 166
704 1092 773 1141 qui
810 1092 979 1132 antehac
1014 1094 1166 1131 amator
1193 1104 1366 1131 summus
1393 1089 1578 1139 Habitus,

288 1153 323 1192 si
349 1153 482 1193 istunc

389 1217 424 1254 si
451 1216 504 1264 B;
532 1216 674 1266 reliqui
702 1217 813 1257 libri:
843 1219 999 1257 habitus
1027 1221 1094 1265 est,

389 1279 457 1329 qui
504 1278 613 1319 locus
660 1283 721 1319 est
762 1281 1056 1321 incertissimus.
1123 1280 1203 1320 Alii
1244 1281 1280 1320 si
1321 1280 1578 1328 retinuerunt,

285 1341 460 1391 Seyffert.
502 1343 600 1381 adeo
627 1344 663 1382 si
697 1345 752 1391 is,
791 1344 857 1383 alii
886 1345 1129 1394 scripserunt
1164 1344 1329 1383 habitu’s
1364 1355 1495 1390 mmm·
1521 1344 1581 1382 u's

286 1408 418 1444 autem
446 1404 573 1445 forma
601 1418 646 1446 ex
673 1406 749 1447 hoc
775 1407 862 1447 loco
890 1408 1049 1447 minime
1077 1405 1177 1447 effici
1205 1406 1341 1455 debet;
1370 1406 1511 1445 deinde
1537 1406 1576 1445 in

283 1469 356 1507 hoc
384 1470 588 1509 enuntiato
625 1470 791 1510 relativo
818 1475 910 1520 post
946 1471 1015 1521 qui
1042 1483 1158 1520 quam
1186 1469 1302 1509 facile
1329 1470 1458 1508 omitti
1486 1481 1576 1518 pos-

285 1532 338 1570 sit
367 1545 417 1579 es,
446 1533 801 1573 demonstravimus
829 1546 865 1583 p.
886 1534 937 1573 33
957 1545 1063 1583 sequ.
1091 1534 1278 1573 Fortasse
1306 1535 1363 1572 est
1387 1532 1576 1582 (sizst)

287 1595 433 1634 rectius
462 1596 666 1644 retinetur,
694 1609 766 1646 pro
796 1600 902 1635 certo
929 1596 1027 1635 nihil
1054 1594 1241 1635 affirmari
1269 1599 1410 1645 potest.

391 1657 520 1697 Aliter
546 1670 664 1708 quam
685 1658 819 1698 GoetZ.
848 1658 1107 1698 conformavit
1130 1658 1287 1698 Brixius
1315 1657 1411 1697 Nov.
1440 1657 1578 1697 Annal.

287 1722 334 1758 91
365 1733 401 1769 p.
431 1721 502 1759 58:

392 1782 481 1822 Aul.
510 1795 543 1822 v.
574 1783 652 1823 830
688 1784 808 1823 re‘dde
835 1797 997 1832 aurum,
1036 1785 1219 1835 inquam,
1248 1787 1293 1824 ut
1318 1784 1409 1823 huic
1435 1783 1578 1823 redda-

288 1850 354 1886 tur
383 1860 411 1886 :t
439 1847 577 1886 unde?
607 1860 632 1886 :z
662 1848 766 1897 quod
790 1848 902 1887 modo
927 1849 1064 1898 fassus
1092 1862 1131 1888 es

393 1924 473 1950 esse
492 1912 535 1950 in
555 1923 652 1950 area
663 1923 676 1949 .·
695 1911 797 1950 soleo
814 1911 941 1951 hercle
960 1925 1027 1961 eqo
1040 1913 1196 1963 yarrire
1213 1924 1354 1962 nugas,
1371 1911 1432 1950 ita
1445 1911 1580 1960 loquor

393 1974 536 2012 Goetz:
576 1973 688 2023 Quo'd
721 1974 832 2014 modo
866 1975 1013 2025 fassu’s
1051 1988 1130 2015 esse
1158 1975 1201 2014 in
1228 1986 1335 2014 arca.
1388 1973 1579 2024 Equidem

286 2050 372 2076 cum
401 2038 536 2076 Brixio
563 2036 687 2085 facio,
716 2038 774 2075 sin
804 2041 935 2076 autem
964 2038 1119 2076 Goetzii
1146 2038 1286 2076 divisio
1313 2048 1468 2076 versum
1497 2047 1577 2074 am-

286 2099 496 2148 plectanda
523 2100 588 2148 sit,
617 2099 715 2138 illud
752 2113 791 2138 es
818 2099 917 2138 falso
946 2101 1124 2139 additum
1152 2112 1238 2139 esse
1264 2103 1461 2147 statuam,
1495 2098 1578 2147 (vix

287 2166 416 2201 autem
455 2163 662 2212 quisquam
701 2163 935 2212 cogitaverit
971 2164 1019 2202 (le
1044 2162 1180 2213 fa'ssus
1218 2163 1257 2202 έε
1284 2166 1364 2201 &sse
1390 2164 1434 2201 in
1462 2161 1577 2210 a'srca)

286 2237 376 2263 nam
419 2226 525 2274 apud
567 2226 704 2275 fassus
751 2225 967 2275 perfectum
1017 2227 1144 2265 omitti
1188 2239 1227 2265 es
1274 2225 1460 2275 apparuit
1499 2224 1576 2262 iam

285 2299 408 2337 supra
436 2300 472 2336 p.
504 2289 565 2327 39.

393 2350 505 2390 Cure.
524 2364 557 2390 v.
578 2353 629 2390 65
656 2353 896 2400 infflriumst,
925 2353 942 2403 ΙΙ
964 2353 1042 2402 Qui
1069 2352 1172 2402 quod
1200 2351 1332 2391 lenoni
1358 2350 1507 2397 namsi,
1534 2349 1578 2387 id

287 2414 336 2454 ab
364 2428 406 2453 eo
431 2417 558 2464 petas,
