1776 2893
763 174 1026 212 ...22-

244 275 349 315 Nam
383 280 659 327 praeterquam
688 277 793 326 quod
825 276 990 327 legimus
1016 276 1120 316 Trin.
1150 288 1185 316 v.
1208 274 1310 315 1049
1336 274 1418 314 illis
1446 288 1539 325 quo-

244 351 319 388 que
347 339 542 391 abroywnt
567 341 686 379 etiam
710 341 850 389 fidem,
892 341 971 390 Qui
996 340 1058 379 nil
1082 339 1235 378 meriti:
1275 338 1421 387 quippe
1442 350 1538 386 pro-

242 401 347 449 bant,
375 405 438 442 est
465 413 610 443 vacuus
637 403 743 442 omni
770 402 1016 443 dubitatione
1044 412 1179 442 versus

342 464 455 514 Capt.
484 465 561 505 928
598 465 766 514 proinde
800 468 847 504 ut
873 468 917 505 tu
941 465 1179 515 promeritus
1217 464 1265 503 de
1291 475 1350 502 me
1378 465 1416 502 et
1441 462 1536 512 filio,

345 527 414 567 ubi
443 531 486 567 tu
512 528 721 566 antecedit.
777 527 928 567 Deinde
965 527 1115 567 nullam
1149 526 1339 566 habemus
1366 535 1537 571 causam,

239 600 310 628 cur
337 589 562 629 dubitemus
589 590 639 629 de

344 652 467 691 Andr.
494 664 528 691 v.
556 651 636 691 496
678 652 968 691 Interminatus
1004 664 1091 691 sum
1130 665 1180 690 ne
1213 649 1398 701 faceres?
1442 662 1539 689 num

238 715 416 754 veritus?
444 715 542 764 quid
565 728 610 754 re
638 715 739 754 tulit.

344 776 408 816 Sic
434 776 646 817 BCDEGP
684 776 838 816 codices
877 775 1069 825 praebent
1096 776 1201 816 hunc
1229 787 1387 815 versum
1414 776 1534 824 amne

237 839 415 878 Donatus
450 839 567 878 dicit:
614 852 711 878 num
755 838 928 890 veritus]
964 837 1089 878 Deest
1131 834 1214 894 (εἰ,
1255 841 1354 889 apta
1387 837 1538 888 ellipsis

236 903 446 949 irascenti,
487 902 590 951 quod
628 901 838 950 iudicium,
888 901 1068 951 quamvis
1112 902 1165 941 sit
1204 902 1471 950 vituperatum
1512 912 1537 939 a

236 964 477 1013 Ritscheli0,
527 975 599 1014 ego
636 963 982 1013 comprobaverim.
1050 963 1231 1003 Bembini
1269 963 1536 1003 testimonium

238 1026 302 1066 hic
339 1038 415 1066 non
452 1026 664 1075 habemus,
701 1026 771 1065 sed
799 1026 897 1065 Eun.
926 1037 961 1064 v.
990 1025 1080 1073 854,
1108 1025 1176 1065 ubi
1203 1026 1344 1074 reliqui
1382 1025 1536 1065 codices

239 1088 450 1137 praebent:
770 1106 776 1110 ⁴

346 1150 457 1189 Num
483 1149 609 1189 metim
634 1151 842 1190 saevitiam
867 1150 1015 1189 veritus
1037 1161 1064 1189 ::
1095 1149 1190 1189 ,Non
1214 1162 1240 1188 2:
1272 1150 1378 1199 Quid
1403 1150 1536 1200 iyitwr.

786 1225 827 1251 es

347 1264 379 1302 A
425 1263 564 1303 habet:
604 1265 752 1304 veritus
858 1277 898 1303 es
934 1264 1027 1304 add.
1068 1265 1139 1311 Al,
1182 1267 1225 1302 ut
1264 1264 1433 1303 videtur.
1486 1264 1538 1303 Et

248 1327 428 1366 additum
467 1330 528 1366 est
563 1326 661 1365 illud
690 1340 747 1374 es,
776 1327 869 1376 quia
896 1326 1027 1366 versui
1056 1337 1192 1365 manco
1233 1326 1343 1366 deest
1377 1325 1540 1375 syllaba,

248 1393 293 1428 ut
320 1389 412 1428 talis
442 1390 606 1429 evadat:

350 1451 462 1491 Num
493 1450 618 1491 medm
636 1453 843 1491 saevitiam
865 1453 1013 1491 veritus
1040 1452 1112 1490 e's?
1157 1451 1253 1490 Non
1280 1451 1377 1501 quid
1402 1451 1547 1501 iyibwr;

349 1525 464 1564 quem
502 1513 710 1563 Umpfenb.
759 1514 797 1552 in
837 1517 987 1553 textum
1029 1514 1188 1563 recepit.
1254 1514 1332 1554 Sed
1368 1512 1546 1553 Bentleio

243 1576 312 1616 illa
351 1577 573 1616 coniectura
612 1589 652 1615 es
692 1576 821 1616 additi
858 1576 1061 1625 displicuit
1100 1580 1220 1626 atque
1247 1579 1292 1615 ut
1319 1585 1545 1625 responsum

244 1639 444 1679 Chaereae
472 1639 512 1677 in
539 1637 622 1677 ictu
649 1639 923 1688 exaudiretur,
960 1639 1116 1678 addidit
1142 1639 1310 1678 alterum
1336 1650 1429 1685 non,
1456 1648 1544 1677 cum

243 1701 433 1740 scriberet
460 1701 631 1740 veritu’s.
686 1702 813 1748 Quam
841 1702 1106 1740 coniecturam
1134 1701 1321 1740 Fleckeis.
1349 1699 1544 1749 probavit.

246 1763 327 1802 Nos
356 1774 461 1810 vem,
489 1763 523 1802 si
550 1775 638 1802 eam
665 1763 888 1813 probamus,
917 1763 973 1802 sic
1001 1775 1157 1803 versum
1184 1763 1410 1804 scribimus:

348 1826 458 1866 Num
483 1839 610 1866 meam
635 1827 841 1866 saevitiam
877 1826 1055 1866 veritus?
1082 1838 1112 1866 :z
1136 1839 1217 1866 non
1245 1838 1272 1865 ::
1301 1825 1410 1866 non?
1448 1825 1546 1876 quid

243 1889 395 1939 iyitur?

348 1962 438 1989 nam
474 1950 507 1990 si
543 1962 800 2000 aspernamur
836 1950 1017 1990 Bembini
1053 1950 1336 1999 coniecturam,
1377 1949 1446 1989 ubi
1483 1952 1545 1991 est

244 2012 452 2062 vestigium
481 2014 560 2052 -u’s
586 2012 764 2053 formae?
801 2013 861 2053 sin
890 2016 1021 2052 autem
1051 2012 1135 2051 eius
1163 2013 1442 2053 auctoritatem
1483 2022 1543 2051 se-

248 2075 416 2124 quimur,
445 2088 485 2115 es
512 2079 574 2115 est
600 2076 718 2125 longa
745 2075 898 2127 syllaba
925 2074 1056 2114 versui
1083 2074 1314 2114 necessaria.

347 2138 609 2177 Transeamus
637 2139 690 2178 ad
719 2150 765 2177 ea
785 2137 976 2186 exempla,
1005 2136 1147 2186 quibus
1174 2137 1398 2177 ostenditur
1425 2147 1544 2186 saepe

244 2200 365 2239 etiam
393 2200 647 2250 participium
676 2200 800 2240 futuri
840 2200 925 2241 sine
952 2199 1072 2240 verbo
1098 2199 1344 2240 substantivo
1371 2198 1542 2249 positum

243 2274 339 2302 esse.
377 2262 624 2303 Firmissima
651 2263 830 2312 exempla
857 2266 960 2308 suut,
988 2261 1055 2301 ubi
1084 2266 1128 2302 iu
1154 2262 1371 2302 antecedit:
1400 2261 1542 2301 Pseud.

244 2337 279 2364 v.
308 2325 386 2365 879
429 2323 511 2365 Sed
547 2328 681 2365 uirum
716 2329 771 2366 ‘tu
817 2326 955 2365 amicis
994 2325 1106 2365 hodie
1145 2338 1200 2365 an
1245 2325 1417 2365 inimicis
1464 2324 1543 2364 tuis

243 2388 433 2428 Daturus
471 2389 634 2427 cenam?
676 2392 717 2427 et
744 2389 850 2428 Trin.
879 2401 914 2428 v.
944 2389 1020 2428 714
1047 2411 1097 2416 —
1125 2389 1185 2427 ita
1217 2391 1387 2438 nuptum
1422 2388 1544 2434 datur

245 2450 344 2491 Sine
372 2452 459 2491 dote
486 2463 612 2501 neque
641 2454 684 2490 tu
710 2451 801 2491 hinc
829 2451 1020 2492 abiturus.
