1776 2893
700 201 960 240 -47—

190 313 324 351 tuetur
349 307 481 349 Muell.
510 306 619 345 Pros.
648 318 686 356 p.
715 305 788 355 90;
827 305 873 345 cf.
901 305 1058 345 Lachm.
1098 307 1149 346 ad
1174 307 1289 346 Lucr.
1317 320 1353 357 p.
1386 307 1471 346 195.

190 374 274 413 Hoc
300 383 455 423 quoque
481 370 568 408 loco
596 370 674 408 -u's
700 368 837 417 procul
864 368 1108 407 abiciendum
1136 373 1206 408 est.

293 436 399 475 Asin.
427 446 462 472 v.
490 431 568 471 333
598 431 698 469 Twm
722 431 845 482 iyitur
872 431 914 469 tc
943 431 1048 469 dives
1075 444 1115 470 es
1139 431 1300 480 factus?
1355 432 1473 471 Mitte

191 497 429 538 ridiculwria

293 560 393 598 hanc
411 557 600 596 traditam
618 556 822 595 lectionem
834 554 1008 594 defendit
1026 554 1200 594 Mueller.
1220 554 1245 593 l.
1263 567 1293 594 s.
1311 567 1340 594 s.
1357 568 1394 604 p.
1407 557 1474 595 49:

192 623 313 668 dives,
362 630 487 668 neque
523 629 616 657 vero
664 629 751 657 eum
788 617 974 656 Fleckeis.
1011 617 1157 666 factu's
1194 617 1311 656 scribi
1351 618 1477 666 debet,

190 695 304 734 quam
332 681 498 721 formam
524 681 672 731 ignoro.
713 679 871 720 Mallem
897 682 981 719 tum
1008 673 1178 721 scribere
1206 681 1312 720 dives
1336 681 1470 731 factus

189 758 278 785 nam
314 744 521 783 habuimus
560 743 779 793 exemplum
814 745 857 782 tu
894 743 1030 793 factus
1078 742 1197 782 verbo
1238 756 1278 783 es
1315 745 1468 783 omisso.

296 807 436 857 Amph.
465 819 499 846 v.
528 807 606 847 583
643 807 829 847 Fleckeis.
866 806 1023 856 quidem
1057 806 1215 846 scribit:
1243 830 1293 834 —
1320 807 1379 846 At
1412 821 1479 859 eqo

295 870 466 909 Faciam
493 872 528 908 te
554 870 667 908 hodie
693 869 864 919 proinde
890 872 935 907 ut
960 870 1152 917 meritu’s,
1180 873 1226 908 ut
1251 870 1382 908 minus
1408 883 1477 908 va-

192 934 273 973 leas
300 936 339 972 et
362 933 480 972 miser
506 933 561 971 sis

295 996 365 1035 sed
390 995 465 1034 hoc
491 995 576 1034 loco
602 995 790 1034 recedunt
815 995 985 1033 editores
1013 996 1071 1034 ita
1098 1007 1122 1033 a
1148 996 1297 1034 tradita
1315 996 1478 1035 lectione

192 1061 232 1097 et
258 1069 441 1097 versuum
469 1057 678 1104 divisione,
706 1059 751 1095 ut
778 1067 824 1095 ex
850 1056 923 1096 hoc
949 1068 1065 1096 versu
1093 1057 1189 1096 mihi
1216 1058 1373 1097 obtrudi
1402 1060 1479 1098 -u's

190 1133 266 1160 non
292 1120 442 1170 patiam
472 1121 541 1160 sed
569 1120 676 1170 apud
701 1120 863 1159 meritus
889 1119 1106 1169 perfectum
1134 1121 1264 1159 omitti
1291 1133 1408 1170 posse
1436 1135 1477 1160 es

192 1195 313 1233 supra
339 1183 580 1222 ostendimus
608 1181 795 1232 exemplis
823 1182 877 1231 (p.
907 1183 985 1232 21).

294 1245 401 1286 Pers.
430 1258 464 1285 v.
493 1245 571 1285 484
597 1244 687 1284 Iam
714 1244 852 1284 liberta
877 1245 1048 1285 auctus?
1076 1258 1104 1285 :1
1131 1246 1286 1287 Enicas

295 1310 352 1349 sic
377 1308 496 1348 habet
521 1309 557 1347 A
583 1308 800 1348 rectissime
837 1311 877 1348 et
904 1309 1106 1359 aptissima
1133 1312 1194 1349 est
1221 1310 1318 1350 haec
1345 1310 1475 1351 brevis

189 1373 464 1422 interrogatio3
492 1371 633 1421 reliqui
660 1371 766 1412 libri:
795 1374 936 1411 auctus
963 1385 1003 1411 es
1028 1371 1127 1411 falso
1156 1386 1196 1412 es
1223 1374 1369 1413 addito.

298 1435 408 1475 Curc.
426 1447 460 1474 v.
478 1435 552 1474 708
574 1434 740 1483 Qudndo
758 1435 820 1473 vir
837 1434 958 1474 bonus
977 1435 1028 1483 ἐς,
1045 1437 1248 1485 responde,
1269 1438 1372 1486 quod
1384 1450 1477 1488 royo

297 1510 373 1537 non
399 1508 557 1537 necesse
584 1500 645 1536 est
672 1508 758 1536 cum
785 1496 949 1537 Goetzio
976 1497 1172 1538 scribatur
1199 1499 1342 1539 bonu's.

301 1560 441 1600 Pseud.
469 1572 503 1599 v.
535 1560 633 1599 1177
666 1560 771 1609 Quid
797 1560 891 1599 ais?
925 1563 1018 1599 tune
1044 1562 1162 1600 ctiam
1190 1562 1364 1601 cubitare
1389 1562 1481 1601 soli-

196 1626 258 1662 tus
283 1624 327 1662 in
357 1624 468 1663 cunis
492 1622 622 1672 puer?

295 1686 432 1726 solitus
456 1685 576 1725 habet
595 1685 624 1725 C
651 1688 775 1733 recte;
802 1685 942 1735 reliqui
968 1686 1105 1725 solitus
1123 1700 1162 1726 cs
1180 1690 1300 1737 atque
1318 1701 1352 1727 v.
1377 1690 1477 1728 1178

192 1750 379 1789 Etiamne
404 1750 538 1799 facere
565 1748 703 1788 so'litus
731 1749 770 1787 c's
797 1749 883 1787 scin
910 1749 1006 1799 quid
1033 1749 1188 1799 loquar,
1230 1762 1363 1790 omnes
1390 1751 1480 1791 libri

192 1813 338 1852 habent
370 1826 430 1861 es,
465 1813 570 1863 quod
597 1813 717 1852 etiam
743 1813 875 1851 versui
901 1816 962 1852 est
987 1814 1247 1853 necessarium
1274 1815 1331 1852 ita
1359 1818 1405 1853 ut
1432 1827 1478 1853 ex

193 1876 266 1914 hoc
294 1886 410 1914 versu
437 1888 477 1914 es
503 1876 542 1913 in
570 1875 741 1924 priorem
761 1886 804 1913 se
828 1875 1045 1914 insinuasse
1062 1876 1251 1914 videatur.
1293 1876 1379 1928 1110,
1392 1877 1478 1916 loco

195 1942 324 1978 autem
352 1937 382 1977 O
409 1938 581 1978 codicem
608 1938 718 1987 sequi
744 1949 821 1976 non
858 1950 1010 1986 vereor,
1052 1950 1177 1988 neque
1203 1938 1303 1977 enim
1332 1952 1371 1978 es
1398 1940 1477 1989 syl-

194 2001 286 2039 laba
313 2013 337 2040 a
363 2012 479 2039 versu
500 2000 693 2039 toleratur
720 2004 760 2039 et
777 2001 855 2039 iam
881 2001 1089 2040 habuimus
1116 2001 1234 2039 Bach.
1255 2002 1305 2040 93
1334 2002 1388 2050 (p.
1409 2002 1477 2052 31)

196 2063 431 2113 exemplum,
480 2063 549 2103 ubi
584 2064 624 2103 in
661 2063 803 2103 Vetere
842 2076 882 2103 es
918 2062 1018 2104 falso
1057 2067 1117 2104 est
1140 2064 1475 2114 suprascriptum.

194 2127 370 2177 Denique
408 2127 513 2177 apud
560 2126 697 2166 solitus
731 2125 950 2176 perfectum
984 2129 1120 2167 deesse
1165 2138 1280 2177 posse
1317 2127 1477 2167 verbum

196 2190 483 2230 substantivum
519 2190 583 2229 hic
630 2190 836 2229 ostendere
875 2190 972 2229 mihi
1016 2190 1134 2230 liceat
1174 2191 1236 2229 his
1272 2190 1479 2240 exemplis:

196 2254 290 2293 Hor.
320 2254 399 2293 Sat.
427 2254 479 2303 11,
510 2254 544 2302 1,
572 2253 623 2292 74
662 2252 729 2292 ubi·
766 2266 806 2292 sc
844 2257 1047 2293 remorant
1079 2254 1225 2305 rmyari
1249 2253 1354 2293 soliti
1379 2253 1477 2293 Enn.

199 2317 278 2356 Sat.
306 2318 355 2365 X,
395 2317 602 2366 Quaerunt
638 2317 682 2355 in
720 2317 851 2365 scirpo
896 2317 1002 2356 soliti
1035 2317 1138 2366 quod
1173 2317 1300 2355 dicere
1334 2318 1479 2356 nodum

198 2379 291 2419 Hor.
321 2379 400 2419 Sat.
429 2380 480 2428 H,
508 2380 545 2429 3,
575 2379 650 2418 144
680 2378 858 2429 Opimius
893 2380 962 2429 qui
985 2380 1122 2419 solitus
1149 2382 1290 2429 potare
1315 2380 1414 2418 Rud.
1443 2392 1478 2419 v.

202 2443 302 2482 1075
331 2441 377 2483 Si
411 2442 478 2482 ille
505 2446 541 2483 te
569 2443 817 2492 comprimere
853 2443 1010 2490 solitus,
1051 2443 1112 2481 hic
1148 2454 1219 2481 nos
1244 2445 1374 2481 noster
1399 2455 1481 2482 non

199 2504 272 2544 soll
309 2505 424 2544 Titin.
464 2504 536 2555 frg.
573 2505 624 2544 28
654 2505 780 2545 Terra
813 2505 935 2545 istaec
962 2507 1029 2554 est,
1065 2517 1145 2544 ‘nort
1179 2518 1296 2555 aqua,
1333 2506 1400 2545 ubi
1439 2510 1480 2546 tu
