1776 2893
743 139 1004 179 -10-

231 244 373 284 derunt
400 256 488 284 cum
508 245 696 285 Lambino
725 245 844 285 etiam
873 245 978 293 apud
999 244 1221 284 Ciceronem
1249 244 1300 283 ad
1327 244 1411 284 Att.
1431 245 1518 295 XII,

232 309 269 355 6,
296 310 321 347 2
348 309 418 347 sed
444 308 560 359 louya
589 309 715 348 oratio
734 312 791 348 est
816 311 854 347 et
880 310 923 347 tu
941 310 1154 357 occupatus
1180 308 1224 346 in
1242 320 1324 346 meo
1348 308 1518 357 fortasse

234 371 368 420 aliquo
394 373 547 421 neyotio
574 394 637 418 —,
667 383 755 410 nam
792 375 832 411 et
868 370 932 409 hic
974 373 1017 409 lu
1054 370 1254 409 antecedit
1294 382 1418 420 neque
1446 371 1519 412 hoc

232 445 351 472 unum
383 438 514 474 exstat
552 434 770 484 exemplum
799 448 838 474 es
865 434 975 474 verbi
1011 432 1164 480 omissi,
1205 433 1273 473 sed
1301 433 1519 475 invenimus

231 497 349 536 etiam
379 498 431 536 ad
459 498 541 536 Att.
569 498 636 546 IX,
666 499 702 545 9,
730 499 773 537 4:
802 511 926 547 neque
953 501 1082 536 tamen
1110 498 1156 536 de
1185 500 1230 544 te,
1259 498 1328 546 qui
1352 498 1519 537 maxime

232 572 360 608 meus,
391 561 576 612 σορίέαυί,
618 560 683 600 ubi
712 561 817 601 idem
845 560 1057 600 Lambinus
1083 558 1182 600 falso
1209 559 1323 600 addit
1350 574 1400 609 es,
1429 572 1518 601 nam

231 623 268 661 in
298 624 395 673 ipsis
424 624 485 663 his
505 624 719 663 enuntiatis
744 624 919 664 relativis
947 636 971 662 a
997 635 1172 663 sermone
1199 622 1382 663 familiari
1402 625 1520 664 omis-

231 686 379 725 sionem
421 698 495 726 non
543 687 709 725 alienam
748 687 868 726 fuisse
916 686 1073 726 iamiam
1112 686 1340 725 videbimus.
1408 687 1520 727 Com-

232 749 433 797 parandus
460 749 524 788 hic
551 752 612 788 est
640 750 741 789 alius
768 750 875 789 locus
913 750 962 789 ad
992 751 1074 788 Att.
1103 749 1206 798 XVI,
1238 751 1297 796 11,
1325 751 1362 797 2,
1402 753 1521 806 εφψοοῐ

232 813 400 859 vereris,
428 825 477 851 ue
506 807 723 861 ἀδόλεσχος
749 814 844 852 mihi
872 816 932 860 tu,
961 813 1029 863 qui
1054 807 1230 852 miuus’?
1267 812 1332 852 ubi
1359 814 1519 854 omissio

234 874 357 914 multo
386 879 447 915 est
476 876 620 915 durior.

337 938 467 977 Etiam
499 939 690 978 Horatius
717 939 854 978 scribit
893 938 1009 978 Satir.
1037 939 1088 987 ΙΙ,
1116 939 1153 986 3,
1181 938 1259 977 236
1297 941 1425 991 seynis
1453 954 1519 991 eqo

235 1000 446 1051 indiyuus,
476 1003 544 1051 qui
572 1005 725 1041 tautum
750 1002 1002 1051 provideam;
1036 1002 1068 1048 Ι,
1097 1001 1132 1048 8,
1160 1002 1186 1040 4
1214 1002 1309 1041 deus
1334 1004 1427 1042 inde
1454 1017 1520 1055 eyo

229 1063 368 1112 furum
396 1066 604 1115 aviumque
632 1065 818 1105 Maxima
843 1065 1013 1115 formido
1032 1064 1065 1115 ¹)

337 1127 432 1166 Post
472 1140 543 1168 uos
583 1132 622 1168 et
660 1141 726 1168 vos
764 1127 990 1178 pronomina
1018 1128 1151 1168 deesse
1179 1139 1291 1178 posse
1318 1142 1453 1169 sumus
1481 1134 1521 1170 et

232 1191 324 1230 estis
351 1189 496 1231 formas
524 1192 600 1232 iam
630 1193 870 1232 ostendimus
897 1191 1102 1241 exemplis:
1132 1193 1235 1241 quod
1264 1197 1395 1232 autem
1425 1193 1520 1233 haec

232 1254 462 1302 pronomina
490 1255 621 1293 valent
650 1255 689 1293 in
719 1256 861 1294 ceteris
887 1255 1063 1304 personis
1091 1254 1375 1304 significandis,
1415 1256 1519 1295 idem

232 1320 438 1366 praestant
466 1318 500 1357 is
526 1318 593 1358 ille
620 1318 682 1358 hic
720 1318 861 1358 tertiae
889 1329 1088 1368 personae..
1141 1318 1271 1368 Atque
1311 1322 1521 1359 occurrunt

234 1381 404 1428 primum
433 1382 539 1429 apud
559 1381 742 1420 Plautum
770 1382 875 1420 haud
906 1392 1031 1429 pauca
1059 1381 1247 1430 exempla,
1276 1393 1375 1430 quae
1404 1382 1520 1420 talem

232 1442 480 1482 omissionem
530 1447 588 1483 est
634 1443 742 1483 verbi
793 1443 992 1492 praebent.
1059 1444 1168 1492 Quae
1218 1444 1346 1483 omnia
1394 1448 1521 1483 muta-

234 1510 374 1544 verunt
402 1507 478 1546 viri
506 1507 611 1545 docti
641 1506 747 1545 nulla
776 1517 872 1544 sana
900 1507 1061 1553 ratione,
1088 1507 1318 1555 praesertim
1347 1517 1434 1545 cum
1463 1507 1521 1545 in-

233 1568 443 1620 scriptione
488 1568 551 1609 hic
593 1580 687 1609 usus
728 1569 885 1619 linguae
925 1568 1089 1609 Latinae
1135 1568 1244 1609 nobis
1279 1570 1521 1620 ostendatur,

233 1644 333 1681 quae
359 1633 398 1671 in
427 1633 627 1682 epitaphio
656 1633 699 1671 L.
720 1632 888 1671 Cornelii
919 1632 985 1671 Cn.
1014 1632 1040 1671 f.
1062 1632 1129 1671 Cn.
1158 1644 1193 1671 n.
1224 1632 1414 1682 Scipionis
1441 1637 1520 1672 est:

337 1695 382 1735 Is
409 1695 471 1735 hic
497 1696 597 1735 situs
625 1697 694 1747 qui
720 1708 926 1746 uunquam
951 1697 1077 1735 victus
1105 1698 1162 1735 est
1186 1696 1355 1744 virtutei,

338 1770 504 1809 quocum
534 1758 708 1798 conferas
736 1759 859 1798 Lucil.
889 1770 923 1797 V.
953 1759 1029 1798 518
1051 1760 1093 1798 L.
1146 1758 1281 1798 Lucili
1308 1760 1521 1807 columella,

233 1822 295 1861 hic
322 1823 412 1861 situ’
441 1822 737 1872 Metrophanes.
1267 1830 1272 1837 ·

342 1885 417 1925 Sed
457 1897 556 1925 nunc
594 1886 682 1925 vide
730 1886 906 1936 exempla
941 1885 1126 1925 Plautina
1173 1897 1273 1934 quae
1310 1885 1396 1926 ausi
1433 1888 1524 1925 sunt

234 1952 387 1988 mutare
414 1949 489 1988 viri
519 1950 641 1989 docti:

320 2100 352 2135 1)
371 2099 466 2140 'Verg.
491 2100 546 2127 ecl.
571 2100 625 2133 ΙΙΙ,
662 2100 719 2127 109
752 2102 778 2127 et
805 2098 897 2126 vitula
928 2102 959 2126 tu
992 2097 1098 2133 diqnus
1130 2101 1156 2125 et
1177 2097 1231 2125 hic.
1277 2097 1355 2128 Aen.
1377 2097 1448 2134 XII,
1483 2099 1521 2127 57

235 2161 299 2189 spes
321 2157 352 2180 tu
372 2162 449 2181 nunc
469 2161 540 2187 ana,
572 2156 702 2181 semelae
724 2156 755 2180 tu
776 2152 890 2188 requies
912 2150 1045 2179 miserae.
1090 2150 1146 2180 ecl.
1169 2150 1225 2186 IX,
1248 2152 1288 2180 34
1321 2151 1374 2179 sed
1392 2160 1451 2179 non
1472 2160 1523 2188 eqo

234 2206 368 2234 credulus
390 2205 460 2233 illis.
497 2206 571 2233 Aen.
595 2206 665 2241 ΧΠ,
691 2207 749 2234 159
772 2209 876 2233 auctor
897 2213 948 2240 eqo
971 2203 1110 2231 audendi.
1155 2203 1245 2232 Ovid.
1269 2203 1331 2232 her.
1354 2203 1439 2240 XIV,
1465 2206 1522 2234 106

234 2265 265 2288 tu
286 2259 342 2288 tibi
362 2259 422 2287 dux
443 2258 549 2292 comiti,
571 2262 601 2286 tu
625 2267 716 2287 comes
738 2258 807 2294 ipsa
829 2257 899 2286 duci
919 2266 956 2286 ex
980 2257 1060 2285 Pont
1075 2257 1132 2292 111,
1157 2258 1184 2291 2,
1210 2257 1247 2285 73
1271 2265 1329 2284 non
1350 2265 1402 2292 eqo
1424 2257 1524 2285 crude-

234 2312 281 2347 lis,
304 2313 420 2341 iuvenes
441 2311 591 2347 iynoscite.
631 2311 688 2339 Tib
720 2311 772 2346 1V,
800 2313 848 2346 13,
875 2312 910 2338 11
943 2314 974 2338 tu
994 2309 1067 2337 mihi
1087 2318 1226 2337 curarum
1246 2309 1369 2345 requies,
1391 2314 1422 2337 tu
1442 2314 1525 2338 noete

235 2365 281 2393 vel
301 2369 370 2393 atra
392 2366 488 2393 lumen
510 2364 571 2399 111,
597 2365 625 2399 2,
649 2364 665 2391 5
689 2373 746 2392 non
768 2373 819 2400 eqo
832 2364 942 2400 firmus
965 2364 996 2391 in
1010 2363 1073 2397 hoc,
1096 2372 1155 2390 non
1174 2362 1246 2389 haec
1261 2362 1409 2398 patientia
1423 2368 1523 2392 nostro

236 2418 360 2453 inyem'o.
406 2419 501 2453 Prop.
523 2417 565 2451 11,
590 2417 618 2451 6,
646 2418 681 2444 19
706 2426 756 2444 cur
779 2417 910 2453 excmphz
928 2421 1027 2452 petam
1051 2415 1196 2444 Graium.-
1218 2419 1249 2442 ια
1270 2414 1400 2443 criminis
1421 2420 1525 2444 auctor

235 2470 372 2499 Nutricus
394 2470 495 2505 durae,
518 2468 649 2504 Romule,
670 2469 746 2496 lacte
765 2470 861 2506 lupae.
