1776 2893
753 224 803 230 -
858 201 905 241 51
963 225 1012 232 ,-

240 310 357 350 simul
384 306 702 348 commemoravit
728 317 853 355 neque
878 306 978 344 satis
1006 306 1205 354 disiunxit,
1246 310 1292 344 ut
1317 307 1413 345 mihi
1440 310 1524 345 tum

239 374 420 413 videatur
446 369 617 409 nondum
644 371 727 407 tam
753 366 868 407 firma
886 369 1079 407 sententia
1106 369 1155 408 de
1182 382 1248 408 -us
1275 373 1314 408 et
1341 383 1380 409 es
1406 369 1525 419 sylla-

240 436 379 475 barum
408 432 615 471 coalitione
641 442 737 469 usus
765 442 851 469 esse
878 442 995 480 quam
1022 434 1162 480 postea
1188 432 1224 469 ei
1250 432 1451 471 succrevit.

346 497 486 536 Restat
512 493 594 533 Mil.
622 505 657 533 v.
685 493 763 533 408
803 493 867 532 Ne
905 496 948 532 tu
989 493 1123 543 edepol
1149 494 1317 533 stultitia
1353 496 1423 532 tua
1458 506 1528 533 nos

236 573 369 611 paene
390 557 606 607 perdidisti

345 619 455 661 Dum
475 622 509 659 te
525 619 679 670 fidelem
703 619 836 670 facere
856 632 921 659 ero
945 619 1114 667 voluisti,
1142 618 1368 669 absumptus
1388 631 1530 668 paene,

345 685 409 723 hic
446 695 600 732 quoque
627 684 671 721 R.
710 683 879 731 primum
918 683 1084 721 adnotat
1124 682 1268 731 Guyeti
1303 682 1530 720 lectionem:

242 747 489 795 absumptus,
513 750 629 783 'cum
646 744 736 783 libri
763 744 935 784 habeant
970 745 1199 795 absumptus
1226 757 1285 792 es,
1325 744 1401 783 nisi
1428 744 1533 793 quod

242 811 274 849 B
302 822 363 849 ses
390 820 412 847 e
439 811 674 848 correctura.
728 808 860 847 Etiam
898 808 973 847 1100
999 808 1084 847 1000
1113 820 1152 846 es
1189 806 1289 846 falso
1317 806 1531 856 interpola-

211 906 213 908 .
243 876 327 912 tum
354 873 432 919 est,
471 871 577 920 quod
604 871 739 910 deesse
765 882 882 920 posse
909 871 1020 910 nobis
1054 871 1335 910 demonstrare·
1350 870 1430 909 iam
1456 875 1550 908 non·

243 946 342 985 opus
371 937 442 973 est.

347 996 459 1036 Nunc
486 1007 531 1035 eo
558 997 817 1045 pervenimus,
856 1000 901 1036 ut
929 998 1121 1037 rationem
1149 997 1366 1036 subducere
1393 996 1533 1035 debea-

243 1072 340 1099 mus.
397 1059 496 1098 Sunt
534 1059 656 1108 igitur
693 1060 771 1098 tria
809 1060 870 1099 vel
886 1078 888 1080 ·
904 1064 1093 1110 quattuor
1120 1060 1298 1109 exempla
1324 1059 1466 1110 quibus
1495 1072 1534 1098 es

244 1126 335 1173 post
362 1135 428 1162 —us
466 1122 524 1160 ita
559 1122 752 1171 traditur,
792 1126 838 1162 ut
874 1135 898 1162 a
933 1135 1049 1163 versu
1086 1123 1247 1163 tolerari
1284 1135 1360 1162 non
1395 1123 1534 1172 possit,

243 1197 334 1224 nam
363 1198 404 1224 es
431 1184 583 1234 syllaba
612 1188 673 1224 est
698 1185 837 1235 longa,
866 1187 1019 1235 gravis,
1047 1186 1164 1236 plena
1192 1190 1242 1234 et,
1271 1198 1388 1236 quam
1416 1197 1535 1235 saepe

246 1248 338 1288 talis
366 1248 562 1296 tradatur,
589 1248 679 1287 vide
705 1260 742 1298 p.
772 1248 833 1288 43.
887 1249 948 1288 Ex
974 1248 1053 1288 illis
1081 1252 1212 1288 autem
1239 1249 1447 1299 perpaucis
1474 1248 1531 1287 lo-

246 1312 301 1351 cis
329 1333 379 1338 ——
407 1310 456 1350 ab
483 1311 545 1350 his
574 1311 674 1350 enim
702 1312 778 1351 viri
805 1312 923 1361 docti,
953 1312 988 1352 si
1013 1324 1089 1351 non
1116 1312 1282 1362 profecti
1309 1314 1413 1360 sunt,
1441 1324 1533 1361 pro-

245 1374 366 1414 ficisci
393 1374 613 1413 debuerunt
639 1386 764 1424 neque
790 1387 881 1414 vero
909 1388 933 1414 a
959 1375 1061 1414 falsa
1079 1375 1284 1423 sententia,
1312 1386 1391 1424 qua
1417 1378 1535 1424 puta-

246 1439 334 1476 rent
361 1450 401 1476 es
436 1449 655 1487 nunquam,
692 1449 883 1487 nusquam
919 1438 959 1476 in
994 1437 1129 1486 lingua
1167 1437 1311 1476 Latina
1349 1428 1537 1477 omissum

246 1511 332 1539 esse
359 1522 409 1526 —
438 1499 712 1539 concluserunt
738 1500 814 1539 viri
850 1500 956 1539 docti
997 1499 1215 1539 coalescere
1251 1512 1369 1549 posse
1403 1514 1470 1539 -us
1498 1504 1537 1539 et

247 1576 287 1602 es
312 1563 353 1603 in
381 1575 498 1602 unam
525 1562 735 1613 syllabam,
773 1563 878 1612 quod
903 1562 1060 1602 minime
1087 1563 1316 1612 verisimile,
1345 1564 1452 1614 quod
1478 1564 1536 1603 in-

248 1627 427 1666 auditum
454 1629 535 1675 est,
571 1626 677 1676 quod
703 1629 749 1665 ut
777 1626 980 1665 credamus
993 1657 1002 1675 ,
1043 1626 1218 1665 convinci
1245 1626 1431 1666 debemus
1467 1625 1535 1666 fir-

247 1690 432 1728 missimis
470 1691 720 1739 argumentis.
784 1690 838 1728 Et
873 1690 978 1738 quod
1012 1689 1194 1728 Ribbeck.
1238 1690 1277 1727 in
1315 1689 1535 1738 Vergilium

248 1763 402 1802 quoque
439 1752 539 1792 hanc
576 1752 854 1803 synaloepham
893 1752 1048 1791 induxit
1086 1755 1126 1791 et
1151 1751 1291 1801 Bergk.
1321 1753 1362 1791 in
1390 1752 1537 1792 Catulli

247 1815 615 1864 hendecasyllabum
643 1816 706 1863 23,
734 1816 782 1854 27
814 1818 967 1854 centum
985 1815 1141 1854 desine:
1167 1816 1248 1853 iam
1274 1816 1373 1853 satis
1391 1815 1537 1854 beatu's

248 1877 310 1917 vel
337 1877 406 1917 alii
432 1878 471 1917 in
499 1877 720 1926 Horatium,
747 1878 790 1916 id
816 1880 973 1927 praeter
999 1876 1083 1916 hos·
1098 1877 1205 1926 ipsos
1232 1888 1345 1916 nemo
1373 1878 1537 1927 accepit.

249 1940 326 1980 Sed
352 1941 392 1979 in
427 1941 538 1990 poesi
576 1941 729 1979 scenica
754 1940 852 1979 haec
878 1940 955 1978 -u’s
982 1938 1106 1978 forma
1132 1939 1306 1978 virorum
1342 1941 1540 1980 sententia

250 2004 452 2043 doctorum
480 2004 538 2042 ita
564 2006 781 2052 grassatur,
820 2006 866 2042 ut
892 2002 1091 2041 ducenties
1119 2002 1355 2042 admittatur
1382 2004 1444 2043 vel
1470 2015 1539 2054 po-

249 2066 328 2106 tius
356 2066 576 2106 inducatur.
630 2065 776 2105 Verum
802 2076 905 2105 nunc
930 2067 1022 2105 sunt
1050 2065 1169 2104 ceteri
1196 2064 1289 2115 loci,
1330 2067 1472 2117 quibus
1501 2080 1540 2106 es

249 2141 326 2168 non
353 2130 526 2169 traditur
561 2132 601 2168 et
636 2128 777 2178 quibus
804 2129 920 2179 plena
953 2127 1105 2178 syllaba
1131 2131 1202 2167 aut
1228 2129 1346 2169 debet
1373 2134 1443 2169 aut
1470 2143 1540 2180 po-

249 2194 330 2231 test
357 2204 443 2231 esse
461 2195 501 2231 et
527 2191 669 2241 quibus
687 2194 795 2231 certo
821 2190 1102 2240 interpolatum
1122 2194 1194 2240 est,
1223 2203 1357 2231 omnes
1384 2192 1541 2232 liberati

250 2254 318 2293 illo
348 2254 514 2302 circulo3
541 2266 633 2293 nam
653 2255 856 2294 docuimus
875 2253 1032 2292 minime
1057 2252 1139 2293 fere
1158 2254 1360 2294 ducenties
1388 2255 1540 2294 incuria

250 2317 499 2357 librariorum
538 2330 578 2357 es
612 2318 800 2357 omissum
835 2328 921 2356 esse
961 2317 1015 2366 (p.
1044 2316 1086 2366 3)
1115 2318 1187 2356 sed
1220 2330 1244 2356 a
1281 2319 1408 2368 poetis
1443 2319 1540 2367 ipsis

250 2391 328 2420 non
355 2381 545 2431 scriptum
563 2383 726 2431 propter
744 2391 857 2420 usum
878 2379 1067 2419 sermonis
1093 2378 1318 2420 familiaris:
1348 2380 1392 2420 cf.
1421 2381 1540 2421 etiam

251 2454 289 2492 p.
317 2444 353 2483 5.
407 2445 573 2483 Restant
609 2448 690 2484 tres
727 2443 788 2484 vel
824 2446 995 2493 quatuor
1035 2443 1123 2492 loci,
1160 2467 1210 2471 —-
1239 2448 1278 2483 et
1314 2444 1425 2483 nobis
1462 2445 1541 2483 iam

252 2505 550 2564 disceptandum
579 2511 657 2558 est,
694 2510 826 2547 utrum
862 2506 1012 2546 inducti
1038 2505 1101 2547 his
1128 2506 1335 2558 perpaucis
1363 2507 1541 2547 versibus

1224 2576 1243 2607 4
1259 2569 1282 2591 x-
