1776 2893
730 166 780 171 —
836 142 1016 183 102·-·-

226 246 357 286 sciam.
414 246 575 287 Bitschl.
605 248 766 299 scripsit
792 249 948 299 quidem
977 251 1186 297 tantumst,
1214 248 1281 288 sed
1310 249 1343 288 si
1372 248 1513 288 iterum

226 309 414 350 edidisset
455 309 711 351 Mercatorem
756 312 840 363 ipse
876 312 971 352 nihil
1008 313 1208 351 mutasset.
1264 311 1391 361 Atque
1419 311 1515 361 legi-

228 384 313 411 mus
350 373 467 412 etiam
507 373 607 412 Men.
644 387 679 414 v.
720 376 819 415 295:
858 376 936 415 Est
970 375 1038 415 tibi
1072 374 1329 414 Menaechmo
1365 387 1516 422 nomen,

229 437 383 474 tantum
421 436 525 485 quod
550 436 695 484 sciam,
738 449 813 487 quo
852 439 935 479 loco
974 437 1128 490 quidem
1170 436 1238 477 illa
1284 436 1403 476 verba
1442 447 1514 476 non
1572 433 1578 438 ’

228 499 363 539 eadem
404 499 559 538 notione
586 500 716 549 posita
744 506 845 541 sunt.

334 561 369 600 N
372 572 445 601 unc
472 561 589 602 etiam
620 565 765 602 ceteras
785 568 942 613 praeter
961 563 1169 605 secundam
1189 561 1398 612 singularis
1426 572 1514 611 per-

228 637 342 664 sonas
378 625 528 665 absolvi
555 629 594 665 et
622 625 772 666 confido
810 627 913 667 viros
942 628 1075 668 doctos
1102 639 1147 667 ea
1175 626 1257 674 via,
1293 637 1409 676 quam
1438 625 1514 664 iam

228 688 312 738 ipse
341 687 429 727 iniit
457 688 707 736 Ritschelius‚
735 700 1008 739 progressuros
1035 701 1137 740 esse,
1165 693 1209 729 ut
1236 688 1450 728 concedant
1476 687 1515 727 in

228 751 443 791 omittendo
471 751 590 791 verbo
618 751 865 793 substantivo
893 753 1058 794 maxime
1098 757 1226 794 autem
1270 751 1411 805 tertiae
1438 751 1515 791 sin-

228 815 378 864 gularis
405 815 528 853 multo
557 815 741 854 maiorem
770 816 879 855 libris
907 828 996 855 mss.
1032 817 1247 856 habendam
1276 826 1361 854 esse
1389 814 1516 853 fidem.

227 877 352 923 Quam
390 877 493 917 viam
531 889 646 916 unam
675 882 819 918 rectam
849 891 935 919 esse
973 882 1012 918 et
1038 891 1108 919 nos
1137 880 1277 918 ducere
1304 877 1354 916 ad
1383 888 1516 915 verum

228 941 534 989 cognoscendum
555 941 771 981 ostendisse
791 941 885 981 mihi
905 942 1050 990 videor,
1078 941 1110 980 si
1131 941 1287 991 quidem
1315 939 1411 979 mihi
1429 951 1516 979 eon-

230 1003 332 1052 tigit,
354 1007 397 1043 ut
418 1004 726 1044 demonstrarem
755 1016 869 1053 quam
894 1009 988 1054 apta
1010 1008 1051 1044 et
1078 1004 1226 1044 usitata
1244 1003 1401 1043 omissio
1430 1014 1515 1043 cum

230 1067 397 1105 sermoni
437 1066 621 1105 familiari
661 1070 742 1105 tum
772 1067 910 1107 Plauto
938 1067 1068 1107 fuerit.
1123 1068 1180 1106 De
1208 1078 1286 1116 qua
1313 1065 1518 1105 omissione

230 1130 395 1168 maxime
423 1129 509 1169 ideo
528 1130 632 1169 viros
660 1130 723 1168 dd.
746 1143 769 1169 a
797 1130 1006 1169 sententiia
1034 1130 1195 1179 vulgata
1215 1130 1393 1169 recedere
1420 1140 1517 1178 opus

228 1192 323 1239 erit,
352 1193 453 1242 quod
483 1193 669 1241 apparuit
696 1193 812 1231 etiam
842 1193 1049 1232 secundam
1079 1192 1287 1241 singularis
1313 1203 1516 1241 personam

228 1266 417 1305 persaepe
445 1255 626 1295 omissam
656 1267 740 1295 esse
769 1255 818 1295 ab
846 1255 941 1306 ipsis
968 1255 1239 1306 scriptoribus,
1274 1254 1517 1305 potissimum

228 1318 266 1356 in
295 1319 400 1368 poesi
430 1318 599 1365 scenica,
625 1319 663 1357 id
703 1320 805 1367 quod
846 1319 1063 1358 fabularum
1095 1324 1255 1358 naturae
1296 1319 1517 1368 respondet.

229 1382 330 1420 Sane
367 1381 593 1421 facillimum
632 1385 692 1421 est
730 1385 745 1421 t
785 1382 956 1421 litteram
992 1382 1214 1421 adscribere
1259 1381 1319 1421 vel
1355 1385 1411 1430 st,
1449 1382 1516 1421 sed

228 1445 373 1484 rectius
400 1449 460 1485 cst
489 1445 676 1484 traditam
705 1445 927 1492 lectionem,
962 1457 1101 1485 verane
1138 1445 1190 1484 sit
1218 1446 1439 1484 examinare
1467 1449 1518 1493 et,

229 1507 260 1544 si
291 1518 383 1546 vera
412 1511 483 1554 est,
514 1507 690 1546 retinere.
