1776 2893
749 153 985 215 .-..·3-‘-

222 278 319 328 cipit
344 279 411 329 VI,
438 280 490 319 22
515 281 574 320 K:
615 293 703 331 eam
727 281 852 331 faerit
885 280 1080 329 seriptum
1109 278 1340 334 ,audiendas
1367 273 1438 319 est’
1479 281 1516 318 et

195 393 198 397 ι
227 343 466 398 (scribendas
502 339 570 384 est‘
620 347 657 384 ei
692 343 840 383 simibia
884 342 1039 393 yene'ris
1075 341 1304 389 masculini,
1342 343 1514 391 primam

222 418 349 446 vocem
364 408 559 458 integram
575 407 815 457 relinquetis,
844 418 892 444 ex
918 404 1131 443 novissima
1157 407 1286 443 autem
1314 399 1363 459 ‘e'
1395 408 1432 444 et
1460 418 1495 461 (ε

223 470 450 519 detrahatis,
471 471 573 511 idem
597 470 756 521 facietis
776 470 821 508 in
845 467 1061 518 femininis,
1088 469 1135 506 at
1144 467 1281 517 prima
1298 480 1372 507 vox
1399 470 1512 509 caius

220 522 374 585 yeneris
422 535 475 573 sit
515 536 730 584 appareat,
775 531 953 581 idemque
987 531 1032 570 in
1071 531 1231 569 neutris.
1298 532 1428 580 Atque
1467 536 1512 571 ut
1552 551 1555 555 ·

223 597 451 635 inclinemus
479 597 518 635 in
549 607 634 635 eam
662 594 909 642 sententiam,
935 596 982 632 ut
1009 595 1094 632 -ust
1119 592 1303 632 coalitum
1331 604 1416 634 esse
1442 606 1514 644 pu-

224 663 351 699 temus
380 672 426 699 ex
454 673 519 698 -as
547 662 587 698 et
614 662 640 707 t,
667 670 738 697 nos
766 668 1009 697 commovere
1029 659 1197 706 possunt
1223 656 1321 695 talia
1339 657 1515 707 exempla

224 722 341 772 quale
377 726 436 761 est
476 724 580 768 rest;
618 732 668 759 an
695 719 922 769 putabimus
955 719 1057 759 hanc
1082 718 1246 758 formam
1273 722 1402 758 ortam
1429 732 1515 760 esse

224 797 270 825 ex
297 799 340 826 re
368 788 408 825 et
447 787 494 833 st,
531 783 765 834 praesertim
804 794 891 823 cum
928 796 992 823 res
1018 781 1198 822 vocabuli
1235 795 1254 822 s
1281 781 1409 823 finalis
1436 783 1516 823 alia

223 850 276 887 sit
302 848 473 887 natura?
528 847 643 893 Quod
676 858 726 885 ne
751 846 967 885 Ritschelio
1004 846 1160 896 quidem
1199 857 1365 885 vacuum
1402 846 1514 886 dubi·
1553 854 1558 860 “

223 913 373 952 tatione
411 922 497 951 esse
524 909 754 958 videbatur,
792 910 851 949 ita
886 912 932 950 ut
960 909 1078 949 Stich.
1108 921 1132 948 v
1156 909 1233 949 473
1262 911 1514 951 adnotatione

222 976 379 1025 dignam
425 975 587 1012 duceret
627 973 864 1022 scripturam
903 972 1065 1022 Guyeti:
1112 986 1176 1012 res
1203 973 1259 1011 'st.
1324 974 1384 1013 De
1430 975 1513 1013 eius

223 1038 329 1076 modi
357 1036 564 1076 coalitione
590 1037 748 1075 minime
775 1035 1033 1075 dubitandum
1061 1039 1133 1084 est,
1161 1036 1230 1074 sed
1258 1048 1336 1086 qua
1362 1038 1514 1076 ratione

222 1099 380 1149 linguae
427 1099 603 1147 libuerit,
649 1102 694 1138 ut
731 1100 907 1138 modeste
953 1110 1084 1148 agam,
1128 1110 1204 1137 non
1250 1102 1400 1139 certum
1440 1103 1512 1149 est,

223 1166 269 1201 ut
295 1162 392 1200 nihil
421 1162 541 1201 exhae
568 1163 765 1211 scriptura
793 1162 972 1201 concludi
998 1162 1125 1211 possit
1150 1162 1199 1200 de
1226 1162 1396 1201 secunda
1422 1174 1512 1212 per-

226 1237 333 1274 sona,
362 1225 411 1264 de
437 1237 516 1274 qua
543 1224 638 1264 mihi
665 1225 823 1274 quidem
842 1223 1109 1264 firmissimum
1137 1228 1218 1264 stat
1244 1225 1443 1265 iudicium.

327 1288 369 1326 Ii
397 1288 520 1326 enim
547 1288 625 1336 qui
652 1290 835 1337 putant
861 1300 1067 1337 unquam
1095 1288 1332 1337 scriptum
1359 1287 1512 1328 fuisse

222 1363 250 1390 a
277 1363 296 1390 s
324 1362 415 1400 pro
451 1364 508 1390 as
546 1363 595 1390 es
630 1351 838 1400 egregie
874 1349 1144 1390 falluntur.
1198 1349 1298 1389 Nam
1327 1351 1400 1400 sit,
1428 1363 1511 1392 cre-

225 1415 362 1453 damus
408 1426 427 1452 s
466 1412 619 1453 finalem
670 1414 853 1452 omissam
903 1424 1006 1452 esse:
1057 1413 1240 1452 debemus
1287 1418 1513 1463 exspectare

224 1477 414 1526 scriptum
441 1475 563 1515 fuisse
597 1489 625 1515 a
653 1488 693 1515 es
719 1476 759 1514 in
796 1475 906 1514 libris
933 1475 1149 1524 Plautinis,
1185 1476 1368 1526 quoniam
1395 1477 1511 1516 disci-

224 1551 311 1578 mus
348 1552 387 1578 es
423 1539 548 1588 plenis
588 1538 732 1577 litteris
760 1538 1007 1577 scribendum
1035 1551 1121 1578 esse
1147 1542 1239 1588 post
1265 1539 1436 1578 vocalem
1465 1551 1511 1579 ex

223 1601 488 1651 inscriptione,
517 1612 617 1651 quae
644 1601 839 1640 invenitur
867 1600 952 1640 CIL
983 1601 1107 1641 1202:
1144 1603 1189 1640 at
1215 1601 1352 1642 acerbo
1379 1615 1419 1642 es
1446 1603 1511 1642 de-

224 1665 330 1704 ditas
365 1665 471 1713 fato,
512 1663 606 1702 Non
635 1677 728 1703 aevo
756 1667 892 1703 exacto
918 1665 1016 1703 vitai
1054 1678 1094 1703 es
1122 1665 1292 1704 traditas
1327 1666 1454 1713 morti,
1473 1666 1508 1715 ¹)

223 1739 348 1777 neque
376 1727 423 1766 ab
452 1727 525 1766 hac
552 1738 689 1766 norma
715 1727 909 1766 scribendi
925 1727 1111 1766 recedunt
1137 1726 1228 1766 libri
1254 1739 1345 1766 mss.
1365 1727 1509 1777 Plauti,

225 1791 293 1840 qui
330 1789 438 1829 velut
478 1802 504 1828 a
543 1802 582 1829 es
619 1801 772 1839 semper
812 1790 1020 1840 praebent,
1067 1793 1221 1829 tantum
1257 1791 1372 1830 modo
1407 1791 1507 1831 Men.

223 1865 257 1893 v.
285 1853 361 1893 605
388 1853 447 1892 Ba
472 1852 640 1900 miseres,
666 1851 726 1891 Bb
753 1854 942 1901 miserffi‘es,
968 1853 1109 1892 Pseud.
1138 1865 1163 1891 v
1192 1853 1266 1892 188
1292 1853 1326 1892 Β
1354 1855 1510 1903 amices,

224 1916 291 1956 OD
328 1917 474 1956 amicis.
529 1916 629 1963 Quin
671 1916 789 1955 etiam
825 1929 873 1956 as
913 1930 952 1956 es
988 1917 1178 1966 scriptum
1215 1917 1432 1957 invenimus
1459 1919 1509 1958 iis

222 1981 289 2030 qui
317 1983 409 2020 sunt
435 1980 622 2029 perpauci
648 1980 766 2028 locis,
794 1980 861 2019 ubi
888 1991 967 2019 una
993 1980 1143 2030 syllaba
1169 1993 1241 2030 pro
1268 1980 1330 2020 his
1357 1982 1508 2022 duabus

224 2055 248 2082 a
274 2054 391 2083 versu
430 2043 665 2093 postulatur.
719 2043 836 2082 Falso
877 2043 999 2093 igitur
1025 2043 1100 2082 sibi
1126 2048 1410 2093 persuaserunt
1435 2045 1510 2084 viri

224 2106 330 2146 docti
357 2107 443 2146 ideo
471 2109 552 2145 tam
579 2118 697 2156 saepe
723 2118 836 2146 omne
853 2106 1061 2156 vestigium
1089 2120 1129 2146 es
1156 2107 1265 2147 verbi
1293 2108 1509 2148 desiderari

223 2168 262 2206 in
280 2169 402 2218 libris,
427 2170 532 2219 quod
549 2181 621 2219 pro
645 2182 694 2208 as
714 2182 754 2208 es
775 2169 964 2219 scriptum
986 2168 1126 2209 fuisset
1147 2184 1175 2210 a
1192 2183 1212 2210 s
1227 2170 1287 2219 ²);
1316 2183 1356 2210 es
1377 2174 1508 2211 autem

306 2306 338 2345 1)
359 2308 391 2336 in
423 2317 482 2343 quo
514 2317 604 2337 versu
633 2307 797 2336 dicendum
831 2316 896 2336 esse
926 2306 1024 2335 vitai’e
1056 2308 1161 2337 docuit
1190 2308 1317 2340 Lachm.
1346 2310 1384 2338 ad
1416 2310 1506 2339 Lucr.

222 2358 278 2394 111,
302 2360 372 2388 374.

306 2413 338 2448 2)
362 2412 450 2448 Quod
483 2416 583 2442 autem
605 2413 755 2442 Ribbeck.
778 2413 860 2441 Prol.
893 2413 931 2441 ad
954 2413 1045 2450 Verg.
1075 2414 1139 2443 Aen
1174 2416 1198 2451 Ι,
1224 2416 1294 2445 237.
1339 2415 1507 2451 vestigium

740 2466 798 2487 ι·-

221 2492 265 2522 u’s
296 2496 463 2531 scripturae
487 2498 518 2524 in
542 2497 635 2525 verbo
653 2469 803 2534 pgaicitain
837 2497 895 2534 (sic
926 2496 1175 2527 vindobonensis
1219 2499 1314 2531 codex
1356 2499 1507 2528 Prisciani

1196 2548 1253 2586 1⁴5·
