1776 2893
232 295 377 334 debent
404 294 722 340 fundamentum,
750 305 826 342 quo
853 293 1046 342 nitamur,
1085 295 1225 343 quibus
1251 296 1284 333 si
1312 296 1525 334 desinimus

230 358 375 396 iustam
419 355 535 395 fidem
577 355 744 403 habere,
786 355 911 394 omnis
938 355 1104 395 fluctuat
1132 358 1319 405 quaestio.
1374 358 1523 397 Deinde

230 419 409 468 potuitne
438 422 517 456 tam
537 428 664 466 saepe
693 421 751 457 est
776 417 900 457 forma
927 417 1111 457 facillime
1140 419 1291 467 neglegi
1313 423 1351 455 et
1380 420 1523 466 omitti,

232 481 265 519 si
293 480 419 529 plenis
447 479 593 518 litteris
619 482 707 518 crat
734 480 915 529 scripta?
942 479 1248 529 Et'plerumque
1266 479 1418 528 plenam
1447 479 1524 518 for-

232 553 335 580 mam
369 541 558 589 scriptam
587 541 707 580 fuisse
734 541 883 580 videbit
911 542 1089 590 quisquis
1117 542 1331 590 inspexerit
1358 552 1523 589 appara-

234 607 315 642 tum
357 603 537 641 criticum
574 606 614 641 et
651 603 937 652 inscriptiones.
992 604 1089 642 Tum
1129 602 1230 641 alius
1270 602 1371 641 sicut
1399 602 1437 640 in
1466 613 1525 641 sc-

233 666 361 705 cunda
378 665 592 715 singularis
618 677 785 716 persona
813 671 987 706 remanet
1014 666 1221 715 scrupulus
1249 670 1289 704 et
1316 665 1349 704 is
1368 665 1525 703 minime

234 728 525 777 neglegendus„
564 729 598 767 Ii
637 729 705 777 qui
745 729 819 768 sibi
860 734 1139 778 persuaserunt
1176 729 1311 768 deesse
1353 727 1525 774 verbum,

232 790 285 829 ibi
315 793 500 829 statuunt
537 792 738 839 excidisse,
777 792 842 831 ubi
879 804 1015 831 versus
1043 792 1224 831 additum
1252 790 1438 830 facillime
1466 793 1525 828 to-

233 853 344 892 lerat.
399 853 476 893 Sed
513 854 553 892 in
586 854 665 892 >hac
703 865 855 903 quoque
883 865 1047 903 persona
1076 853 1294 892 videbimus
1322 853 1359 890 in
1390 863 1436 890 eo
1464 863 1525 890 er-

236 927 328 955 rare
373 915 476 954 viros
517 916 662 956 doctos.
729 917 837 964 Quae
877 929 963 957 cum
1003 918 1060 956 ita
1106 917 1185 955 sint
1226 928 1249 954 a
1288 915 1398 954 libris
1437 926 1526 953 mss.

235 976 522 1026 proficiscemur
559 983 598 1018 et
633 990 885 1029 quaeremus,
922 992 1013 1018 num
1052 979 1209 1018 tolerari
1246 979 1370 1028 possit
1409 977 1524 1016 omis—

235 1040 291 1078 sio
329 1040 437 1078 verbi
475 1040 710 1080 substantivi
739 1042 948 1080 secundum
977 1053 1090 1080 usum
1119 1041 1343 1079 Plautinum
1376 1039 1435 1078 vel
1464 1051 1523 1079 se-

236 1102 403 1141 cundum
446 1103 762 1144 consuetudinem
799 1106 986 1144 sermonis
1024 1103 1239 1143 familiaris.
1304 1103 1354 1142 Et
1390 1103 1421 1141 si
1459 1115 1523 1141 ea-

237 1165 324 1202 dem
353 1165 576 1205 condicione
617 1166 715 1205 aliae
754 1178 943 1215 personae
971 1166 1077 1204 verbi
1105 1165 1344 1205 substantivi
1370 1165 1523 1212 desunt,

235 1238 335 1277 quae
375 1239 499 1276 neque
537 1232 617 1268 tam
653 1228 766 1268 facile
805 1229 933 1268 omitti
969 1234 1133 1278 possunt
1168 1240 1290 1277 neque
1318 1227 1367 1267 ab
1396 1227 1522 1266 edito-

235 1290 344 1328 ribus
371 1290 628 1339 inducuntur,
668 1292 760 1340 quia
787 1302 921 1330 versus
949 1302 1015 1329 eas
1043 1303 1115 1329 non
1144 1291 1341 1338 admittit,
1379 1290 1521 1327 Plauto

235 1350 358 1390 invito
404 1363 476 1391 non
516 1353 748 1392 donabimus
792 1355 849 1392 est
883 1352 1057 1393 formam.
1122 1353 1244 1392 Nemo
1292 1352 1393 1391 enim
1432 1363 1521 1391 con-

235 1414 395 1453 tendere
434 1416 596 1455 audebit
633 1417 877 1455 omissionem
917 1419 976 1455 est
1012 1416 1160 1455 formae
1202 1416 1395 1454 duriorem
1437 1426 1521 1453 esse

234 1487 350 1524 quam
378 1477 411 1515 si
439 1481 535 1516 sunt
559 1478 789 1525 omittatur,
827 1478 887 1515 vel
925 1479 1024 1516 adeo
1051 1491 1186 1517 sumus
1212 1490 1298 1516 sum
1326 1478 1417 1515 estis
1443 1475 1520 1513 for-

234 1549 317 1577 mas
343 1537 495 1578 facilius
536 1540 670 1579 deesse
697 1552 812 1589 posse
839 1551 954 1589 quam
984 1545 1050 1580 est.
1107 1541 1146 1579 Si
1183 1545 1389 1590 praeterea
1414 1538 1521 1577 vide-

235 1601 364 1640 bimus
403 1602 648 1649 Terentium,
688 1603 909 1642 Ciceronem
947 1603 1044 1641 alios
1082 1603 1311 1651 scriptores,
1358 1612 1520 1650 quorum

235 1663 365 1712 poesis
394 1663 453 1703 vel
482 1664 629 1713 scripta
656 1664 829 1704 eiusdem
858 1665 1012 1714 generis
1039 1668 1131 1705 sunt
1158 1664 1357 1713 sermonis,
1386 1663 1521 1704 simili-

235 1726 309 1765 bus
346 1726 439 1766 locis
475 1727 657 1766 omittere
692 1731 767 1775 est,
804 1729 906 1768 unde
942 1732 1023 1767 tum
1059 1729 1120 1767 ius
1147 1739 1344 1767 sumemus
1383 1727 1523 1766 Plauto

236 1789 308 1827 soli
335 1789 377 1827 id
404 1790 650 1839 denegandi?

340 1852 470 1904 Atque
509 1852 572 1891 hic
608 1852 749 1891 iterum
778 1864 934 1892 monere
972 1852 1081 1891 nobis
1108 1852 1225 1892 liceat
1253 1864 1377 1903 neque
1405 1852 1521 1891 Plau-

234 1919 315 1952 tum
358 1925 482 1962 neque
519 1915 692 1963 linguam
721 1915 902 1954 Latinam
937 1915 976 1953 in
1005 1915 1079 1954 hac
1116 1927 1158 1953 re
1187 1915 1260 1953 sibi
1289 1915 1522 1960 constitisse,

232 1978 273 2015 et
306 1976 393 2025 quis
429 1987 598 2026 unquam
644 1979 814 2026 scriptor
851 1977 1076 2017 libertatem
1123 1977 1278 2017 dicendi
1317 1977 1401 2026 ipse
1439 1980 1519 2016 tam

232 2039 408 2088 angustis
444 2039 746 2089 circumscripsit
789 2039 960 2080 finibus?
1005 2040 1200 2089 P'ersaepe
1237 2040 1403 2078 Plautus
1451 2040 1520 2078 ad-

233 2102 376 2141 ductus
413 2113 499 2141 esse
539 2102 713 2150 videtur,
751 2107 796 2142 ut
831 2103 1032 2142 omitteret
1067 2102 1129 2141 vel
1157 2107 1321 2152 poneret
1348 2102 1521 2148 verbum,

234 2165 365 2203 studio
393 2175 527 2203 versus
555 2176 670 2214 quam
699 2165 985 2215 elegantissime
1022 2166 1233 2212 condendi,
1272 2166 1329 2203 ita
1366 2169 1408 2203 ut
1435 2176 1519 2202 ver-

232 2226 368 2265 borum
405 2230 587 2266 accentus
625 2238 713 2266 cum
752 2239 866 2267 versu
903 2229 1158 2267 concinerent.
1212 2227 1265 2265 Et
1299 2231 1344 2265 ut
1371 2227 1410 2265 id
1439 2227 1518 2275 pri-

232 2301 337 2329 mum
375 2289 558 2339 exemplis
595 2290 925 2340 demonstremus,
953 2292 1012 2330 ita
1038 2294 1078 2328 et
1105 2291 1202 2328 itast
1227 2289 1306 2328 fere
1335 2290 1420 2339 pari
1449 2301 1517 2328 nu-

233 2364 337 2391 mero
356 2355 563 2390 occurrunt
590 2355 630 2390 et
658 2353 848 2400 quomodo
868 2353 1076 2400 Langenus
1104 2352 1176 2391 has
1204 2353 1302 2390 duas
1329 2351 1517 2390 formulas

233 2414 473 2462 distinxerit,
515 2418 647 2453 notum
677 2418 749 2453 est.
801 2413 925 2454 Nobis
953 2414 1014 2455 hic
1042 2415 1419 2455 commemorandum
1447 2418 1518 2462 est,

232 2477 265 2514 si
302 2478 449 2516 dictum
488 2477 537 2515 ab
576 2477 698 2516 altero
727 2475 993 2525 confirmetur,
1033 2481 1088 2516 est
1125 2483 1164 2516 et
1199 2478 1288 2525 poni
1326 2488 1440 2524 posse
1478 2482 1519 2514 et
