1776 2893
737 174 995 247 „489-

221 315 348 366 plura
377 312 582 363 exempla,
624 312 814 351 senectuti
853 311 1008 361 quidem
1033 315 1190 353 nostrae
1217 313 1363 363 aptius.
1419 312 1512 352 Hor.

227 378 313 417 Sat.
341 376 392 424 II,
421 376 455 423 1,
482 373 533 413 54
560 374 698 413 melius
724 386 804 413 non
831 376 990 424 tanyere
1018 374 1139 414 clamo
1165 375 1280 424 Prop.
1308 375 1354 423 V,
1383 375 1432 414 10
1460 374 1513 415 35

235 438 376 479 Cossus
404 438 464 476 ait
486 437 585 487 forti
610 436 748 476 melius
775 448 1006 475 concurrere
1034 448 1169 486 campo
1203 436 1254 484 ΙΙ,
1284 438 1346 485 12,
1376 438 1422 477 19
1450 439 1512 476 in-

230 503 353 542 tactos
378 500 453 539 isto
479 499 607 539 satius
635 501 823 549 temptare
849 510 996 537 veneno

331 563 471 613 Itaque
508 560 680 610 integros
718 560 979 611 relinquemus
1016 559 1087 600 hos
1124 572 1259 601 versus
1293 561 1513 602 Plautinos:

228 626 328 668 Rud.
356 638 392 665 v.
423 623 498 664 145
531 622 709 664 Cererem
736 627 771 663 te
796 624 934 663 melius
962 636 1081 674 quam
1116 623 1302 664 Venerem
1328 627 1515 664 sectam-ier

228 688 311 730 Mil.
330 700 366 728 v.
387 687 464 727 292
491 685 694 726 Medicum
719 686 788 725 tibi
813 686 914 725 istuc
940 686 1078 726 melius
1098 687 1375 736 percontarier
1401 687 1514 727 Truc.

228 764 261 791 v.
290 751 366 791 948
402 750 552 790 Melius
588 752 623 789 te
658 749 776 788 minis
813 752 963 788 certare
996 761 1145 788 mecum
1183 762 1301 800 quam
1335 750 1516 789 minaciis

228 814 343 866 Epid.
372 825 406 853 v.
435 812 511 853 669
538 812 676 852 Alium
704 814 739 852 te
768 812 837 852 tibi
862 812 1002 852 melius
1031 813 1202 852 comitem
1229 825 1417 864 quaerere

333 876 415 916 Mil.
445 888 481 916 v,
508 875 583 917 881
624 875 677 915 B:
715 876 854 917 melius
879 876 1073 916 monerier
1100 876 1147 917 G:
1186 876 1342 916 meliust
1368 877 1412 917 R.
1439 890 1516 917 me-

229 942 325 982 liust
350 943 411 989 te;
447 951 516 979 cur
543 951 616 979 non
644 939 782 979 melius
809 938 873 979 te?
902 939 958 979 sic
984 939 1086 979 enim
1115 938 1302 980 habemus
1329 941 1448 981 etiam
1477 941 1515 981 in

229 1005 259 1044 C
293 1002 500 1053 vestigium
538 1006 573 1042 te
610 1001 858 1051 pronominis.
912 1002 993 1041 Mil.
1031 1015 1065 1041 v.
1102 1001 1177 1041 351
1219 1014 1282 1042 res
1320 1003 1437 1044 aliter
1474 1016 1516 1043 se

227 1066 348 1106 habet
386 1069 426 1104 et
465 1064 518 1105 ibi
546 1076 633 1104 cum
660 1064 696 1104 A
722 1065 877 1104 meliust
914 1064 1160 1105 scribendum
1190 1069 1271 1105 est:
1308 1079 1379 1106 nee
1407 1067 1515 1117 quoi-

229 1142 346 1180 quam
373 1129 446 1168 alii
471 1129 515 1168 in
543 1131 681 1168 nostra
707 1128 864 1167 meliust
886 1128 1039 1178 famulo
1064 1128 1245 1178 familiae

332 1191 445 1231 Truc.
465 1202 499 1229 v.
517 1190 593 1231 926
608 1191 798 1230 traditur:
827 1193 1015 1230 mortuom
1032 1191 1159 1231 hercle
1176 1204 1236 1231 me
1250 1192 1348 1232 adeo
1366 1193 1517 1232 satius:

228 1255 378 1295 abstine
396 1266 430 1294 v.
449 1254 525 1294 928
545 1257 676 1294 autem
697 1254 771 1293 Nil
788 1254 950 1304 alapari
967 1255 1121 1302 satiust,
1139 1254 1259 1303 miles,
1278 1256 1314 1295 si
1332 1258 1368 1295 te
1386 1257 1516 1295 amari

227 1318 403 1368 postulas
437 1317 527 1357 libri
564 1316 710 1363 habent
749 1316 902 1367 plenam
929 1316 1096 1357 formam
1122 1320 1188 1357 est.
1244 1317 1323 1358 Cur
1348 1318 1510 1359 verbum

228 1381 356 1431 priore
392 1380 475 1421 loco
503 1378 691 1419 excidisse
718 1390 963 1428 censeamus,
1001 1380 1034 1419 si
1063 1379 1227 1420 Plautus
1253 1381 1420 1431 scripsit,
1449 1393 1514 1420 ne-

229 1456 304 1495 que
331 1446 518 1493 exputare
544 1454 701 1494 possum
743 1445 784 1483 et
810 1442 910 1483 illud
937 1443 1046 1493 prius
1074 1444 1317 1484 enuntiatum
1344 1444 1514 1484 breviter

228 1507 377 1547 dictum
396 1510 455 1546 est
481 1509 523 1546 et
549 1518 636 1546 cum
656 1506 910 1546 commotione
929 1505 1061 1555 animi,
1088 1505 1169 1546 fere
1197 1510 1257 1545 est
1275 1507 1514 1547 exclamatio.

227 1569 308 1609 Nos
346 1568 493 1611 nullam
531 1579 688 1609 causam
725 1568 934 1617 habemus,
977 1580 1045 1608 cur
1073 1568 1213 1609 Plauto
1241 1569 1360 1619 hanc,
1398 1580 1513 1619 quam

227 1632 362 1681 voluit,
391 1632 658 1672 diversitatem
686 1631 908 1682 eripiamus.

333 1694 483 1735 Deinde
510 1694 613 1745 quod
633 1694 709 1734 viri
736 1694 843 1735 docti
867 1698 1099 1736 censuerunt
1119 1695 1221 1746 apud
1254 1698 1417 1752 ‹certmn
1444 1690 1513 1736 est’

227 1758 387 1800 verbum
424 1759 558 1798 deesse
593 1770 667 1798 non
706 1759 869 1808 debere,
897 1759 1068 1809 primum
1096 1758 1242 1808 legitur
1269 1760 1375 1808 apud
1404 1760 1515 1799 Ovid.

227 1822 320 1861 Met.
349 1822 395 1870 V,
422 1821 499 1861 519
529 1820 595 1877 tSi
620 1822 794 1872 reperire
820 1833 946 1870 vocas,
975 1821 1153 1861 amittere
1182 1817 1342 1863 certius'
1371 1823 1441 1863 sed
1469 1834 1515 1862 ne

227 1885 314 1935 quis
351 1884 531 1924 obvertat
571 1884 825 1934 comparativi
875 1888 1057 1924 naturam
1106 1884 1260 1925 facilius
1306 1887 1515 1926 admittere

226 1946 482 1996 omissionem,
510 1947 817 1997 contemplemur
845 1947 916 1986 hos
942 1948 1066 1987 locos:
1095 1948 1146 1987 ad
1175 1948 1257 1987 Att.
1286 1948 1373 1997 VII,
1403 1949 1463 1997 11,
1495 1951 1514 1989 1

225 2010 293 2051 ubi
320 2013 377 2051 est
395 2014 527 2051 autem
547 2011 722 2062 diynitas
748 2011 829 2051 nisi
855 2010 922 2051 ubi
940 2011 1151 2052 honestas?
1177 2012 1377 2052 honestum
1395 2013 1518 2064 iyitur

225 2074 365 2114 habere
400 2075 611 2115 exercitum
648 2074 759 2114 nullo
791 2075 951 2124 publico
989 2075 1160 2114 consilio.
1199 2075 1306 2123 VIII,
1347 2076 1371 2115 3
1400 2075 1421 2114 7
1449 2076 1519 2115 secl

227 2140 341 2187 turpe
359 2135 575 2177 Domitium
604 2137 730 2176 deseri
756 2137 1019 2187 inplorantem
1047 2138 1132 2178 eius
1148 2138 1342 2179 auxilium
1357 2139 1394 2188 ¹)
1422 2138 1514 2178 Hor.

226 2199 309 2239 Sat.
336 2200 369 2247 I,
395 2199 421 2238 5
458 2212 627 2250 namque
658 2200 749 2249 pila
776 2200 897 2250 lippis
931 2201 1133 2240 inimicum
1160 2204 1198 2240 et
1223 2201 1356 2240 ludere
1385 2202 1516 2240 crudis

226 2262 330 2310 Quid
358 2265 489 2301 autem
518 2262 638 2302 habet
668 2257 848 2316 ‘eertum'
878 2263 1112 2312 proprium?

329 2326 448 2365 Mero.
477 2336 512 2365 V.
533 2324 584 2365 39
612 2325 721 2365 Illuc
748 2326 892 2365 revorti
919 2328 1075 2374 certum,
1103 2330 1149 2366 ut
1175 2329 1317 2366 conata
1344 2340 1517 2377 eoeequar

224 2388 381 2428 minime
421 2400 510 2429 cum
538 2388 751 2428 Ritschelio
791 2388 933 2426 mutari
967 2388 1085 2428 debet
1111 2389 1172 2427 in:
1214 2393 1433 2444 ‘certumsn
1472 2394 1517 2430 ut

312 2524 343 2563 1)
365 2526 457 2562 Prop.
479 2527 517 2561 V,
542 2529 570 2560 6,
595 2529 635 2555 45
665 2531 748 2561 turpe
770 2526 894 2554 Latinos
909 2526 1045 2562 principe
1077 2530 1104 2553 te
1126 2527 1230 2558 fluctus
1253 2527 1336 2562 reqia
1358 2528 1423 2555 vela
1440 2530 1516 2564 pati.
