1776 2893
773 166 1036 207 —30-

253 270 354 308 satis
382 270 523 317 locuti,
562 270 707 310 omisso
735 272 829 310 estis
856 271 985 310 verbo.
1030 271 1154 311 Estne
1179 273 1311 310 autem
1340 283 1382 310 es
1407 271 1556 312 formae

251 331 464 381 singularis
490 332 626 371 durior
653 333 823 382 omissio,
851 344 968 383 quam
996 334 1090 373 estis
1119 333 1314 382 pluralis?
1354 333 1556 373 Accedunt

252 396 292 432 et
319 393 424 433 inter
451 405 493 434 se
521 394 758 435 defendunt:

356 456 459 495 Men.
487 469 522 496 v.
543 458 618 496 177
647 470 707 505 eu,
735 458 915 508 expedite
938 458 1172 508 fabulatus:
1196 458 1279 497 imm
1303 458 1405 508 ferio
1430 458 1554 507 foris,-

251 518 358 558 Pers.
386 532 422 559 v.
450 520 530 560 462
566 533 679 571 euye,
717 523 935 560 exornatus
961 521 1143 569 basilice‚·
1178 532 1213 560 v,
1241 520 1318 561 667
1347 533 1407 568 eu,
1430 533 1553 570 prae-

250 582 370 621 datus
388 582 533 631 probe;

357 643 439 684 Mil.
466 657 502 684 v.
529 644 626 685 285:
662 644 837 696 Edepol,
865 644 1064 695 Sceledre,
1102 646 1211 686 homo
1237 649 1409 687 sectatus
1434 646 1553 686 nihili

250 720 423 757 nequam
450 708 636 747 bestiam!

355 771 491 810 eodem
518 770 624 820 iure,
663 782 738 821 quo
765 770 805 820 ii,
833 771 901 821 qui
929 771 1007 811 -u’s
1032 772 1284 822 scripserunt„
1311 784 1352 812 es
1378 771 1541 812 verbum

252 833 601 883 desideraverunt,
638 835 843 884 quisquam
882 845 1038 874 censere
1065 835 1240 884 potuerit
1273 835 1337 874 hic
1365 837 1423 873 est
1449 834 1550 873 exci-

251 896 369 935 disse.
424 896 533 935 Nihil
560 900 692 935 autem
713 896 881 936 excidit:
909 896 966 935 sic
985 897 1125 936 Latine
1143 896 1424 946 loquebantur3
1453 908 1546 936 nam

251 959 439 999 habemus
466 959 586 999 etiam

356 1021 474 1061 Titin.
493 1022 566 1070 frg.
585 1021 638 1060 48
665 1021 822 1071 Edepol
839 1021 1007 1060 hominis
1021 1022 1158 1073 iynavi
1181 1021 1347 1072 functus
1363 1022 1548 1073 officium.

356 1087 397 1124 et
423 1083 545 1124 Haut.
573 1097 609 1125 v.
637 1085 717 1126 580
759 1084 953 1135 Clitipho,
992 1085 1088 1126 haec
1125 1099 1192 1137 eyo
1212 1086 1422 1136 praecipio
1450 1086 1549 1126 tibi?

355 1148 541 1188 Hominis
565 1149 678 1200 fruyi
704 1152 742 1188 et
768 1149 1024 1199 temperantis
1048 1149 1215 1198 functus
1241 1149 1426 1199 officium.

356 1210 420 1250 Sic
454 1212 555 1250 enim
590 1212 626 1250 A
660 1211 782 1251 habet
818 1223 906 1250 cum
946 1210 1167 1259 BGDEFP3
1207 1212 1312 1259 quod
1349 1212 1385 1250 G
1423 1212 1545 1251 habet

247 1276 449 1324 functust,
484 1273 631 1313 misera
667 1274 892 1314 coniectura
928 1276 1000 1313 est.
1055 1273 1191 1322 Neque
1229 1285 1321 1313 vero
1360 1287 1400 1313 es
1426 1274 1546 1313 inseri

250 1337 388 1385 debet,
415 1347 505 1376 nam
534 1336 741 1376 omissione
768 1339 936 1387 augetur
963 1335 1182 1386 indignatio
1210 1336 1416 1386 dolorque,
1446 1348 1546 1387 quae

250 1400 324 1439 hoc
350 1411 467 1439 versu
493 1410 677 1448 expressa
704 1402 797 1438 sunt
823 1400 927 1440 sicut
954 1399 1074 1439 etiam

355 1463 459 1502 Men.
486 1474 522 1501 v.
553 1462 628 1501 178
657 1462 774 1502 Mille
785 1475 984 1513 passuum
1003 1465 1261 1502 commoratus
1289 1463 1549 1503 cantharmn!

355 1526 476 1564 Aliud
513 1525 808 1565 exclamationis
847 1537 971 1575 genus
998 1528 1079 1574 est,
1118 1526 1152 1564 si
1189 1525 1426 1564 adiectivum
1465 1525 1548 1564 sine

251 1602 291 1629 es
328 1588 449 1628 verbo
489 1588 661 1637 ponitur.
714 1587 769 1626 Ut
806 1587 909 1627 enim
950 1587 1123 1627 breviter
1164 1587 1309 1626 dicitur
1350 1587 1469 1627 Bach.
1511 1599 1546 1627 ν.

252 1652 329 1693 639
357 1651 527 1703 Nuyae!
564 1650 668 1690 Trin.
696 1663 731 1690 v.
762 1650 839 1690 760
870 1650 1049 1690 Gerrae!
1090 1651 1212 1689 Andr.
1242 1662 1277 1689 ν.
1306 1651 1384 1689 224
1411 1650 1547 1690 Fabu-

252 1715 340 1753 lae!
365 1718 405 1754 et
425 1714 534 1764 apud
553 1713 692 1752 Horat.
713 1713 794 1752 Sat.
814 1713 843 1757 I,
872 1714 908 1759 9,
923 1713 974 1751 28
1004 1712 1184 1752 Felices!
1209 1725 1318 1752 nunc
1337 1725 1404 1764 eyo
1421 1715 1525 1752 resto
1533 1726 1547 1761 ;

251 1781 296 1817 ut
322 1777 488 1827 legimus
515 1776 628 1816 Adel.
657 1789 693 1816 v.
712 1775 790 1815 403
817 1776 962 1815 mirum
989 1775 1146 1816 Phorm.
1174 1789 1209 1815 v.
1229 1776 1307 1815 912
1332 1777 1547 1816 ridiculum

251 1840 345 1879 Hec.
373 1853 409 1879 v.
437 1840 517 1878 424
553 1840 749 1886 odiosum,
788 1842 909 1888 atque
946 1838 1065 1877 etiam
1101 1839 1207 1887 apud
1236 1838 1457 1878 Ciceronem
1494 1841 1547 1879 ad

251 1905 333 1942 Att.
354 1903 422 1951 IX,
441 1903 499 1950 2³,
529 1903 546 1941 1
580 1901 889 1951 supplicandum
906 1900 1059 1951 iyitur?
1097 1901 1282 1940 miserum
1300 1905 1340 1940 et
1357 1912 1547 1949 persaepe

250 1966 306 2004 sic
332 1968 490 2015 yratum
517 1965 688 2013 ponitur,
726 1963 835 2002 velut
862 1964 914 2002 ad
942 1963 1026 2001 Att.
1054 1962 1143 2011 XII,
1171 1964 1235 2010 30,
1265 1964 1285 2001 1
1315 1963 1546 2012 similiaque,

249 2029 300 2067 ad
330 2039 430 2077 quae
457 2031 596 2077 postea
624 2026 849 2076 redibimus,
877 2025 933 2066 sic
961 2025 1179 2065 invenimus
1511 2072 1514 2075 Α

354 2091 460 2131 Pers.
488 2103 524 2130 v.
552 2091 630 2130 285
657 2090 716 2129 At
742 2102 823 2129 nou
860 2102 947 2129 sum
974 2090 1033 2128 ita
1060 2092 1107 2128 ut
1133 2091 1176 2128 tu
1202 2090 1354 2140 qratiis.
1383 2101 1408 2129 2:
1443 2088 1545 2129 Cou-

248 2155 386 2204 fideus.
418 2166 446 2192 :t
476 2153 573 2193 Sum
599 2154 728 2192 hercle
753 2166 863 2201 vero,
907 2153 974 2192 ubi
1002 2152 1161 2203 quidem
1191 2163 1301 2192 nemo
1328 2153 1459 2192 adhuc
1486 2152 1544 2192 in-

249 2217 374 2256 seruit
402 2229 443 2256 es
470 2216 528 2255 ita
554 2219 600 2254 ut
629 2217 840 2265 consideu’s
866 2216 1077 2263 scriberet3
1119 2215 1189 2254 sed
1216 2215 1282 2254 hic
1309 2227 1395 2255 esse
1424 2217 1554 2265 coufi-'

249 2280 347 2318 deus
382 2278 484 2316 idem
523 2279 628 2327 quod
667 2279 865 2328 confidens
891 2291 932 2317 es
968 2277 1276 2317 luculentissime
1302 2281 1471 2327 apparet
1497 2290 1545 2317 ex

249 2341 380 2381 verbis
408 2340 661 2388 sequentibus
687 2354 774 2380 sum
800 2341 927 2380 hercle
954 2354 1054 2380 vero.
1107 2340 1216 2379 Illud·
1241 2354 1282 2380 es
1308 2352 1543 2390 quamquam

249 2414 325 2442 non
364 2403 564 2449 videmus,
601 2406 731 2441 tamen
769 2403 897 2441 inerat
937 2403 1068 2441 sensui
1097 2401 1239 2440 Latino
1266 2402 1304 2440 in
1335 2403 1545 2452 confidens.

248 2465 313 2506 Sin
355 2470 488 2505 autem
530 2465 603 2504 hoc
641 2465 861 2514 exemplum
903 2466 1100 2516 integrum
1133 2465 1352 2514 relinquere
1399 2465 1545 2504 debent
