1776 2893
718 186 977 226 -11-

308 292 426 332 Bach.
455 304 490 330 v.
518 292 596 332 375
620 291 754 330 Nimis
779 291 840 330 hie
858 290 979 329 bellus
997 293 1114 340 atque
1141 294 1186 329 ut
1212 304 1291 329 esse
1309 304 1489 330 maxume

207 355 389 404 optabam
417 355 534 394 loeus.

308 418 353 456 R.
383 411 536 472 ‘locust‘
565 416 645 454 nisi
661 415 848 454 malueris
877 409 1060 470 ‘bellusl'3
1090 414 1191 453 unde
1210 416 1486 464 cognoscimus,

206 491 319 530 quam
346 479 495 519 incerta
520 489 583 517 res
609 478 662 517 sit
688 477 721 517 si
749 489 773 516 a
799 477 986 518 librorum
1014 476 1091 517 fide
1118 477 1345 517 recedimus.

309 542 450 581 Pseud.
479 552 513 580 v,
543 541 644 580 1243
681 540 813 580 Nimis
847 541 930 580 illie
964 540 1142 579 mortalis
1179 540 1335 588 doctus,
1373 541 1489 579 nimis

209 607 388 644 versutus
414 605 533 644 nimis
558 604 697 644 malus.

310 668 354 706 R.
384 668 545 707 doctust.

309 729 391 769 Mil.
429 742 462 769 v,
502 731 578 770 348
616 729 696 770 Sed
733 731 794 770 hio
831 730 893 770 illi
933 730 1278 780 supparasitatur,
1319 729 1381 769 hic
1422 742 1491 769 eae

200 806 432 843 proxumus.

311 856 355 894 R.
389 859 639 905 proxumust,
676 856 711 894 A
740 855 896 895 videtur
923 856 1106 895 habuisse
1127 868 1360 906 proxumus,
1388 855 1491 904 quod

206 931 294 959 cum
322 919 351 959 C
378 924 512 959 contra
542 919 573 957 B
601 919 771 960 codicem
812 918 1075 958 retinebimus.
1130 919 1182 958 Et
1209 922 1297 968 post
1334 918 1492 957 modum

205 982 396 1022 finitivum
433 982 611 1021 similiter
661 982 844 1021 omissum
884 986 944 1021 est
980 982 1137 1021 verbum
1180 982 1490 1021 substantivum:

205 1045 310 1084 Trin.
338 1057 373 1083 v.
401 1045 479 1085 535
506 1045 592 1084 Alii-
629 1045 849 1084 exsulatum
877 1045 1069 1093 abierunt,
1101 1045 1174 1084 alii
1203 1046 1389 1092 emortui,
1419 1044 1493 1083 alii

205 1123 245 1148 se
272 1109 519 1158 suspendere.

310 1172 425 1211 Mero.
453 1184 488 1211 v.
516 1170 591 1211 951
633 1171 695 1210 hie
728 1172 835 1211 homo
873 1183 953 1210 non
979 1184 1102 1211 sanus
1120 1170 1137 1223 Η
1156 1171 1364 1211 Medicare
1392 1171 1491 1209 ami-

206 1249 273 1275 cus
302 1237 398 1285 quin
417 1248 615 1284 properas
642 1235 765 1274 mihi?

205 1298 284 1336 iam
312 1298 507 1347 Guyetus:
537 1300 678 1336 sanuel
703 1296 905 1335 inutiliter.

311 1361 404 1400 Trin
436 1372 467 1400 v,
496 1361 573 1401 366
601 1361 670 1400 secl
696 1361 758 1400 hic
786 1360 994 1400 admodum
1020 1361 1349 1401 adulescentulus.
1447 1402 1449 1404 ,

311 1423 429 1461 Bach.
457 1435 491 1461 v.
522 1423 598 1461 774
634 1423 765 1472 Atque
801 1423 862 1461 hie
902 1424 1056 1472 quidem
1095 1424 1233 1472 opinor
1266 1422 1491 1473 Chrysalus.

311 1485 429 1525 Bach.
458 1498 493 1524 v.
525 1484 625 1525 1105
652 1486 714 1525 hie
743 1486 898 1535 quidem
918 1489 1039 1535 pater
1063 1486 1302 1525 Mnesilochi
1320 1498 1349 1524 z:
1376 1486 1490 1537 Euye

207 1550 353 1588 socium
380 1561 593 1587 aerumnae
621 1551 658 1586 et
682 1549 757 1587 mei
783 1549 879 1587 mali
904 1549 1025 1587 video.

313 1613 368 1652 sic
395 1623 548 1651 versum
577 1610 722 1650 format
747 1611 947 1661 Fleckeis,
975 1612 1042 1661 qui
1071 1615 1200 1651 tamen
1228 1611 1327 1652 falso
1356 1613 1495 1652 scribit

208 1676 421 1725 quidmst,-
458 1674 645 1713 audacius
686 1674 858 1713 Ritschl:
896 1675 958 1714 hie
996 1675 1151 1724 quidem
1181 1678 1302 1724 pater
1339 1676 1493 1714 Mnesi-

208 1738 344 1778 lochist
370 1750 397 1777 :2
425 1737 538 1789 Euge
566 1738 712 1777 socium
739 1750 952 1777 aerumnae
979 1739 1099 1778 video.

314 1801 393 1840 Mil.
423 1813 457 1840 v.
488 1801 563 1839 760
582 1800 732 1849 probus
758 1801 821 1840 hic
850 1814 988 1851 oonyer
1012 1802 1197 1852 friqiolus.

313 1864 416 1903 Trin.
446 1875 479 1903 V.
509 1863 585 1904 706
613 1863 752 1903 Facile
773 1864 954 1914 palmam
980 1864 1120 1904 habes:
1148 1864 1209 1904 hio
1227 1865 1376 1904 vietus:
1404 1864 1498 1904 vicit

209 1932 279 1967 tua
307 1928 512 1982 comoedia.

312 1990 404 2030 Mib.
433 2003 468 2030 v.
499 1990 600 2030 1179
627 2003 722 2029 nam
748 1990 783 2029 is
812 1990 914 2029 colos
943 1990 1189 2030 thalassicus.

209 2054 312 2102 Quid
341 2054 488 2093 attinet
515 2054 617 2102 quod
647 2053 795 2092 Nonius
823 2053 960 2092 habet:
992 2054 1059 2093 eol.
1089 2054 1180 2093 thal.
1210 2054 1296 2093 est?

312 2118 434 2157 Andr.
463 2129 498 2155 v.
527 2117 603 2156 360
629 2116 847 2156 Paululum
866 2117 1022 2156 obsoni:
1049 2118 1160 2167 ipsus
1179 2118 1303 2156 tristis
1316 2129 1329 2155 .·
1357 2117 1404 2156 de
1432 2117 1494 2155 in-

202 2183 361 2233 proviso
388 2182 565 2232 nuptiae.

313 2245 462 2285 Deinde
482 2244 562 2283 Mil.
592 2254 626 2282 V.
648 2244 724 2284 986
752 2244 847 2283 haee
877 2244 985 2283 celox
1002 2244 1123 2291 illius,
1153 2257 1253 2294 quae
1281 2244 1371 2284 hine
1391 2257 1495 2295 eqre-

208 2310 317 2348 ditur
345 2309 607 2348 internuntia.
625 2306 647 2359 ΙΙ

316 2373 426 2422 Quae
453 2372 547 2410 haec
576 2370 731 2411 celox?

313 2435 368 2474 sic
396 2446 481 2473 cum
510 2434 543 2472 B
571 2433 816 2473 scribendum
854 2436 934 2480 est,
973 2433 1048 2473 etsi
1078 2433 1107 2473 C
1134 2433 1254 2473 habet
1291 2433 1399 2472 illius
1428 2436 1495 2481 est,
